3042 5059
705 441 830 499 102
913 437 980 500 S.
1025 435 1545 501 AUGUSTINI
1588 435 2009 500 EPISCOPI
2055 435 2319 499 coNF.
2362 438 2537 502 LIB.
2568 440 2690 502 VI.

702 590 959 655 credere
989 591 1216 653 noluit.
1301 592 1396 653 Et
1436 592 1822 675 quaerebam,
1862 590 1917 653 si
1966 610 2251 655 essemus
2293 592 2688 656 immortales
2733 601 2801 656 et
2842 594 2910 655 in

699 700 1013 777 perpetua
1048 691 1332 775 corporis
1369 693 1699 775 voluptate
1730 691 1867 755 sine
1894 690 2028 754 ullo
2072 692 2437 756 amissionis
2470 702 2705 757 terrore
2734 694 2909 757 vive-

701 814 934 869 remus,
963 813 1078 856 cur
1115 812 1250 854 non
1292 813 1578 855 essemus
1618 792 1813 868 beati,
1854 800 1967 855 aut
2010 791 2169 875 quid
2210 793 2387 856 aliud
2430 793 2908 877 quaereremus?

705 894 1024 957 Nesciens
1065 892 1350 976 idipsum
1390 892 1476 955 ad
1515 914 1818 974 magnam
1856 893 2178 956 miseriam
2218 895 2555 978 pertinere,
2598 894 2776 979 quod
2823 896 2911 958 ita

704 994 1030 1058 demersus
1057 1002 1124 1057 et
1151 1015 1364 1057 caecus
1405 994 1687 1075 cogitare
1729 1014 1859 1056 non
1896 1014 2154 1077 possem
2195 994 2414 1058 lumen
2446 995 2808 1059 honestatis
2850 1004 2911 1058 et

705 1096 904 1177 gratis
955 1094 1417 1180 amplectenda}
1469 1093 1991 1177 pulchritudinis,
2034 1116 2227 1178 quam
2280 1118 2413 1158 non
2461 1096 2640 1159 videt
2680 1099 2909 1160 oculus

704 1196 934 1273 carnis,
979 1204 1045 1259 et
1085 1194 1336 1258 videtur
1377 1216 1462 1258 ex
1504 1196 1753 1258 intimo.
1842 1196 1983 1259 Nec
2028 1195 2509 1261 considerabam
2558 1200 2775 1275 miser,
2824 1220 2906 1261 ex

705 1319 836 1382 qua
877 1319 1042 1361 vena
1087 1297 1249 1359 mihi
1299 1305 1603 1373 manaret,
1650 1294 1827 1380 quod
1874 1295 2002 1357 ista
2044 1296 2209 1378 ipsa,
2254 1296 2429 1359 foeda
2474 1306 2711 1377 tamen,
2757 1320 2904 1362 cum

705 1400 930 1463 amicis
984 1400 1255 1463 dulciter
1309 1399 1752 1475 conferebam3
1812 1418 1935 1461 nec
1979 1420 2119 1463 esse
2164 1400 2303 1461 sine
2344 1400 2571 1477 amicis
2620 1408 2904 1482 poteram

701 1502 952 1578 beatm,
970 1503 1162 1564 etiam
1191 1499 1543 1564 secundum
1572 1521 1828 1563 sensum
1860 1520 2053 1584 quem
2081 1508 2237 1563 tunc
2264 1500 2583 1564 habebam
2612 1502 2679 1563 in
2704 1523 2904 1585 quan·

704 1602 929 1665 talibet
956 1601 1287 1665 affluentia
1315 1600 1663 1663 carnalium
1695 1601 2115 1683 voluptatum.
2204 1602 2385 1672 Quos
2412 1601 2635 1685 utique
2664 1603 2903 1666 amicos

704 1703 901 1785 gratis
944 1702 1310 1783 diligebam,
1339 1702 1753 1784 vicissimque
1798 1703 1879 1764 ab
1924 1702 2021 1765 eis
2060 1721 2163 1764 me
2208 1701 2391 1781 diligi
2438 1703 2636 1783 gratis
2672 1704 2901 1765 sentie-

702 1806 872 1867 bam.
963 1804 1024 1866 Ο
1051 1812 1367 1865 tortuosas
1395 1798 1573 1865 vias!
1637 1802 1755 1864 Vae
1796 1802 2029 1865 animae
2066 1801 2298 1866 audaci
2338 1824 2483 1885 quae
2522 1805 2818 1887 speravit,
2846 1804 2897 1866 si

704 1926 744 1967 a
800 1912 864 1966 te
921 1903 1309 1981 recessisset,
1367 1924 1436 1965 se
1494 1901 1743 1986 aliquid
1796 1902 2028 1966 melius
2083 1903 2486 1968 habitumm!
2583 1908 2787 1970 Versa
2840 1915 2899 1969 et

702 2024 954 2067 reversa
989 2003 1060 2065 in
1101 2012 1372 2084 tergum,
1411 2010 1476 2065 et
1511 2003 1583 2065 in
1617 2003 1838 2079 latera,
1872 2011 1940 2067 et
1970 2005 2043 2066 in
2076 2012 2395 2083 ventrem3
2454 2014 2521 2069 et
2557 2007 2717 2071 dura
2758 2016 2898 2071 sunt

704 2105 958 2168 omnia:
1021 2112 1089 2168 et
1143 2112 1216 2167 tu
1273 2104 1448 2166 solus
1501 2104 1816 2188 requies⁸.
1903 2106 1997 2167 Et
2040 2126 2195 2169 ecce
2245 2106 2420 2184 adeS‚
2470 2116 2536 2171 et
2580 2110 2815 2172 liberas
2860 2132 2898 2171 a

702 2205 1173 2268 miserabilibus
1210 2204 1546 2281 erroribuS,
1586 2212 1653 2267 et
1688 2206 2028 2269 constituis
2064 2228 2184 2269 nos
2224 2207 2295 2269 in
2335 2208 2443 2271 via
2475 2217 2610 2287 tua,
2644 2219 2711 2273 et
2752 2233 2895 2274 con-

705 2306 949 2384 solaris,
979 2313 1045 2369 et
1071 2305 1271 2369 dicis:
1329 2305 1580 2368 Currite
1604 2327 1623 2379 ;
1668 2326 1790 2387 ego
1816 2304 2036 2384 feram,
2064 2315 2131 2369 et
2164 2328 2286 2389 ego
2316 2308 2687 2392 perducam,
2720 2321 2785 2375 et
2809 2312 2897 2374 ibi

705 2431 826 2490 ego
853 2406 1113 2473 feram'.

769 2623 797 2651 ¹
830 2617 958 2666 Hinc
1001 2617 1124 2667 enim
1167 2616 1370 2667 maximo
1399 2615 1772 2674 commendatur,
1832 2618 2063 2668 deserenti
2083 2618 2205 2669 bene
2220 2628 2307 2670 est.
2357 2620 2486 2685 Aug.
2500 2622 2561 2670 de
2582 2620 2705 2671 Gen.
2728 2624 2787 2670 ad
2812 2623 2895 2671 Lit.

702 2682 848 2747 quale
867 2684 1042 2733 bonum
1064 2682 1124 2731 sit
1146 2682 1299 2741 Deus,
1318 2682 1444 2747 quod
1466 2680 1642 2731 nemini
1660 2697 1771 2732 eum
1835 2682 1919 2731 lib.
1937 2683 2003 2733 xi.
2022 2698 2130 2749 cap.
2152 2687 2200 2735 5.
2267 2684 2389 2735 Vide
2410 2702 2514 2752 sup.
2534 2685 2620 2737 lib.
2640 2685 2672 2734 i.
2696 2701 2797 2752 cap.
2824 2690 2867 2737 l.
