3042 5059
707 424 1424 489 CONFESSIONUM
1470 426 1755 489 LIBER
1798 427 1990 489 VIII.
2322 428 2443 487 135

229 588 306 642 et
347 600 556 643 mores
599 579 1046 642 suaveolentiae
1093 586 1241 657 tuae,
1276 587 1341 642 et
1381 581 1580 643 ubera
1624 580 1873 643 deserta
1914 580 2127 655 eremi,
2174 594 2444 664 quorum

227 701 361 742 nos
391 679 554 741 nihil
583 680 963 743 sciebamus.
1022 680 1112 743 Et
1141 690 1273 743 erat
1299 680 1754 743 monasterium
1770 680 2158 743 Mediolani⁰
2180 681 2444 762 plenum

227 782 432 844 bonis
473 780 794 858 statribuS,
829 787 1015 842 extra
1049 781 1226 843 urbis
1262 782 1525 860 moenia,
1568 782 1687 845 sub
1728 781 2066 844 Ambrosio
2106 781 2443 855 nutritore3

227 890 306 945 et
332 903 466 945 non
494 902 890 943 noveramus,
979 881 1408 944 Pertendebat
1446 881 1557 945 ille
1597 890 1661 945 et
1700 882 2083 965 loquebatur
2119 880 2351 956 adhuc,
2381 888 2447 942 et

228 1004 362 1045 nos
419 982 650 1044 intenti
711 982 1099 1044 tacebamus.
1190 982 1382 1045 Unde
1434 990 1498 1045 et
1540 981 1770 1046 incidit
1812 991 1884 1046 ut
1925 982 2166 1045 diceret
2223 981 2443 1043 nescio

227 1082 502 1165 quando
547 1101 615 1144 se
660 1088 726 1143 et
765 1088 894 1143 tres
938 1081 1098 1144 alios
1155 1084 1645 1147 contubernales
1702 1104 1875 1159 suOS,
1918 1083 2219 1145 nimirum
2267 1080 2443 1163 apud

225 1184 574 1259 TreverOS,
604 1203 754 1245 cum
784 1183 1138 1265 Imperator
1165 1184 1609 1266 pomeridiano
1640 1184 2037 1249 Circensium
2072 1184 2441 1268 spectaculo

227 1290 576 1360 teneretur,
622 1283 836 1346 exisse
894 1281 1370 1347 deambulatum
1427 1285 1497 1347 in
1553 1286 1773 1349 hortos
1815 1286 2014 1347 muris
2071 1284 2441 1364 contiguos3

227 1394 436 1468 atque
493 1384 629 1448 illic
686 1392 760 1447 ut
812 1383 972 1446 forte
1037 1384 1387 1447 combinati
1455 1386 1913 1468 spatiabantur,
1968 1406 2168 1449 unum
2227 1405 2445 1448 secum

233 1508 551 1563 seorsum,
596 1494 662 1548 et
701 1486 860 1548 alios
899 1484 1061 1548 duos
1098 1485 1319 1550 itidem
1367 1508 1648 1549 seorsum
1690 1487 2052 1570 pariterque
2094 1486 2440 1567 digressos:

231 1587 357 1650 sed
385 1587 535 1649 illos
562 1584 979 1667 vagabundos
1007 1585 1264 1649 irruisse
1292 1587 1361 1649 in
1392 1587 1736 1669 quamdam
1779 1609 2015 1663 casam,
2045 1588 2159 1649 ubi
2194 1586 2443 1649 habita-

231 1691 402 1751 bant
429 1687 693 1772 quidam
724 1686 886 1749 servi
915 1685 1034 1763 tui,
1060 1688 1300 1767 spiritu
1331 1707 1679 1767 pauperes,
1708 1690 2002 1771 qualium
2042 1696 2135 1751 est
2176 1709 2442 1769 reynel-m
2462 1708 2589 1755 Mat.
2610 1709 2660 1762 5,

230 1794 573 1867 coelorum,
619 1797 684 1853 et
723 1789 1045 1853 invenisse
1088 1789 1183 1853 ibi
1227 1790 1519 1854 codicem
1564 1790 1631 1852 in
1678 1813 1807 1874 quo
1852 1791 2090 1875 scripta
2130 1800 2267 1855 erat
2313 1791 2446 1855 vita
2460 1773 2509 1819 3.

235 1893 528 1955 Antonii.
620 1893 829 1963 Quam
870 1893 1082 1971 legere
1123 1891 1323 1974 coepit
1358 1912 1527 1953 unus
1571 1912 1807 1969 eorum,
1848 1900 1913 1954 et
1954 1892 2189 1968 mirari,
2232 1899 2297 1954 et
2340 1914 2445 1955 ac-

235 1992 460 2069 cendi,
507 2002 572 2056 et
611 1992 778 2055 inter
818 1991 1161 2073 legendum
1217 1992 1510 2055 meditari
1568 1992 1839 2077 arripere
1885 1994 2079 2056 talem
2123 1993 2340 2072 vitam,
2384 2002 2449 2056 et

233 2096 468 2158 relicta
493 2093 760 2158 militiax
784 2093 1073 2157 saeculari
1104 2092 1336 2155 servire
1367 2092 1512 2156 tibi:
1563 2092 1781 2156 erant*
1811 2100 2024 2157 autem
2046 2116 2131 2157 ex
2161 2094 2255 2156 eis
2283 2114 2447 2177 quos

237 2195 471 2259 dicunt
499 2197 814 2276 Agentes'
843 2195 913 2255 in
941 2195 1147 2257 rebuS.
1216 2195 1402 2257 Tunc
1433 2195 1646 2257 subito
1672 2196 1955 2277 repletus
1985 2216 2196 2258 amore
2226 2203 2447 2259 sancto

231 2306 306 2361 et
335 2299 554 2361 sobrio
582 2297 849 2381 pudore,
877 2298 1077 2359 iratus
1108 2296 1232 2359 sibi
1264 2295 1542 2380 conjecit
1581 2299 1803 2360 oculos
1831 2298 1899 2359 in
1930 2298 2227 2372 amicum,
2258 2304 2323 2359 et
2359 2295 2449 2359 ait

235 2399 364 2463 illi:
413 2400 456 2432 “
480 2400 630 2477 Dic,
663 2419 882 2482 quaeso
912 2404 997 2474 te,
1017 2398 1314 2460 omnibus
1334 2398 1476 2461 istis
1491 2399 1822 2462 laboribus
1842 2398 2075 2461 nostris
2099 2419 2226 2482 quo
2246 2397 2446 2461 ambi-

234 2523 384 2563 mus
413 2499 781 2584 pervenire?
853 2498 1010 2584 quid
1055 2498 1436 2583 quaerimus?
1507 2499 1691 2585 cujus
1718 2499 1809 2562 rei
1840 2521 2033 2563 causa
2058 2496 2443 2563 militamus?

237 2601 540 2685 Majorne
585 2622 725 2665 esse
772 2599 1006 2684 poterit
1050 2621 1211 2682 spes·
1241 2609 1462 2665 nostra
1502 2600 1571 2661 in
1611 2601 1873 2683 palatiO,
1918 2622 2111 2685 quam
2150 2611 2222 2665 ut
2258 2599 2446 2664 amici

237 2703 658 2786 Imperatoris
711 2700 948 2765 simus?
1061 2702 1154 2763 Et
1209 2701 1301 2764 ibi
1365 2699 1522 2785 quid
1579 2723 1708 2764 non
1768 2703 2010 2783 fragile,
2055 2704 2447 2786 plenumque

233 2802 585 2888 periculis?
676 2804 769 2866 Et
795 2824 909 2887 per
941 2810 1100 2887 quot
1126 2803 1417 2885 pericula
1443 2804 1810 2885 pervenitur
1838 2804 1919 2867 ad
1950 2804 2252 2885 grandius
2280 2804 2445 2887 peri-

233 2904 500 2969 culum?
608 2905 700 2966 Et
758 2902 1060 2988 quando*
1102 2898 1278 2966 istud
1336 2903 1486 2967 erit?
1598 2906 1864 2968 Amicus
1925 2914 2135 2969 autem
2196 2905 2347 2981 Dei,
2394 2906 2448 2967 si

236 3008 528 3083 voluerO,
560 3026 710 3069 ecce
749 3026 923 3068 nunc
966 3004 1113 3067 fio.''
1200 3004 1392 3067 Dixit
1425 3006 1573 3082 hoc,
1603 3014 1669 3068 et
1699 3005 1991 3068 turbidus
2031 3006 2448 3089 parturitione

233 3128 428 3169 novae
456 3106 626 3185 vitae,
655 3105 935 3169 reddidit
962 3107 1182 3170 oculos
1223 3106 1513 3188 paginis3
1578 3114 1641 3169 et
1681 3108 1956 3188 legebat,
1988 3114 2053 3169 et
2088 3108 2451 3170 mutabatur

232 3210 419 3270 intus
447 3208 562 3270 ubi
593 3216 664 3271 tu
693 3207 980 3285 videbaS,
1011 3215 1077 3270 et
1103 3209 1458 3270 exuebatur
1485 3206 1726 3269 mundo
1764 3229 1946 3270 mens
1990 3207 2149 3292 ejus,
2178 3216 2250 3270 ut
2290 3230 2447 3270 mox

237 3308 560 3392 apparuit.
651 3310 948 3392 Namque
995 3307 1147 3371 dum
1202 3306 1379 3387 legit,
1424 3316 1490 3371 et
1532 3308 1732 3370 volvit
1788 3308 2021 3371 fluctus
2065 3308 2277 3372 cordis
2325 3308 2446 3384 sui,

235 3583 428 3626 vastum
475 3591 682 3625 eremum
725 3584 1088 3635 commanentes,
1124 3576 1237 3641 igna
1267 3584 1317 3625 et

239 3640 462 3706 prodigia
492 3641 781 3706 Apostolica,
805 3640 1100 3706 simplicitate
1130 3640 1237 3689 vitae
1269 3648 1318 3689 et

236 3704 396 3754 cordis
408 3706 693 3764 sinceritate,
705 3705 1061 3754 faciebant—ut
1073 3721 1177 3754 vere
1193 3720 1318 3753 com-

240 3770 452 3833 pleretur
497 3771 714 3834 Apostoli
767 3770 964 3829 dictum,
1009 3777 1043 3799 “
1068 3770 1180 3835 quia
1231 3770 1316 3818 ubi

238 3833 510 3882 abundavit
541 3842 808 3899 peccatum,
841 3834 1242 3899 superabundavit
1263 3842 1312 3883 et

237 3898 446 3963 gratia.''
486 3898 616 3946 Ruff.
635 3898 701 3947 H.
723 3899 782 3947 Ε.
805 3898 840 3947 l.
863 3898 910 3947 ii.
937 3914 983 3948 0.
1005 3901 1050 3947 8.

309 3968 334 3995 ¹¹
369 3962 624 4011 Difficilius
647 3970 716 4012 est
737 3962 950 4011 virtutem
983 3964 1032 4011 in
1065 3962 1313 4029 multiplici

240 4025 484 4075 hominum
503 4042 688 4091 genere,
709 4036 757 4075 et
776 4026 820 4074 in
845 4027 936 4075 ista
951 4027 1050 4075 vita
1069 4029 1311 4076 turbulen-

241 4090 359 4139 tiore
381 4090 1004 4140 tervarep-Difficillimum
1034 4100 1106 4141 est
1138 4092 1213 4140 hic
1245 4101 1312 4141 te·

240 4170 354 4203 nere
386 4155 615 4219 optimum
645 4154 750 4203 vitae
782 4155 994 4214 modum,
1027 4164 1075 4205 et
1107 4156 1313 4205 animum

241 4227 467 4283 pacatum
490 4227 631 4282 atque
651 4220 977 4283 tranquillum.
1033 4219 1243 4286 Quippe,
1266 4229 1317 4269 ut

238 4282 445 4331 breviter
471 4282 722 4357 explicem,
753 4284 818 4341 bi,
845 4284 1092 4349 [Episcopi
1121 4286 1313 4350 presby-

239 4346 345 4403 teri,
358 4348 563 4404 diacom,
576 4356 624 4395 et
641 4348 958 4412 cujuscemodi
981 4348 1175 4397 ministri
1196 4350 1315 4397 divi·

238 4426 410 4459 norum
435 4413 866 4477 Sacramentorum]
889 4421 1035 4477 agunt
1057 4412 1139 4462 ubi
1161 4413 1315 4463 vivere

240 4475 456 4533 discitur,
478 4475 549 4523 illi
569 4476 850 4541 [Monachi]
875 4478 958 4526 ubi
974 4477 1162 4527 vivitur.
1207 4478 1255 4525 N
1258 4493 1314 4527 ec

239 4540 348 4589 ideo
380 4549 541 4589 tamen
569 4540 813 4591 laudabile
836 4542 1201 4593 Christianorum
1235 4557 1316 4606 ge-

1381 3592 1470 3625 nus
1495 3577 1867 3641 contempserim,
1888 3592 2048 3626 eorum
2082 3577 2257 3626 scilieet
2287 3576 2369 3641 qui
2398 3576 2448 3625 in

1382 3640 1644 3690 civitatibus
1678 3642 1870 3705 degunt,
1898 3657 1927 3689 a
1954 3642 2134 3707 vulgari
2166 3642 2260 3690 vits
2296 3657 2448 3690 remo-

1385 3704 1565 3753 tissimi.
1634 3705 1743 3754 Vidi
1787 3722 1875 3770 ego
1916 3706 2217 3755 diversorium
2262 3715 2443 3755 sancto-

1380 3785 1483 3817 rum
1499 3772 1553 3817 M
1558 3769 1779 3827 ediolani‚
1796 3787 1890 3819 nou
1906 3786 2160 3835 paucorum
2186 3771 2446 3827 bominum,

1380 3834 1552 3897 quibus
1584 3849 1708 3882 unus
1739 3836 1978 3898 presbyter
2011 3842 2209 3900 praeerat
2229 3834 2297 3882 vir
2330 3834 2447 3899 opti-

1381 3914 1486 3947 mus
1530 3906 1577 3947 et
1618 3898 1923 3948 doctissimus.
1980 3900 2058 3947 De
2094 3898 2266 3947 Morib.
2310 3897 2441 3946 Eccl.

1379 3964 1520 4012 Cath.
1544 3979 1585 4012 c.
1608 3966 1689 4019 32,
1712 3964 1793 4011 33.

1443 4032 1472 4059 ¹
1505 4028 1618 4077 Vid.
1640 4043 1741 4092 sup.
1767 4044 1817 4091 p.
1844 4028 1951 4074 134.
1975 4033 2071 4074 not.
2091 4043 2141 4089 q.

1442 4098 1470 4136 1
1503 4098 1538 4120 “
1559 4092 1769 4153 Agentes
1788 4090 1838 4137 in
1862 4090 2030 4138 rebus'’
2054 4098 2087 4118 ⁸·
2113 4090 2194 4154 qui
2218 4090 2450 4156 Principis

1372 4155 1516 4220 jussis
1543 4155 1940 4208 obsecundabant,
1965 4169 2125 4203 eorum
2148 4153 2376 4203 mandata
2397 4153 2447 4202 in

1379 4220 1642 4284 provincias
1744 4218 2053 4277 erferebant,”
2126 4217 2451 4282 Magisteriani

1378 4291 1413 4314 ⁴⁴
1440 4285 1549 4333 item
1576 4284 1713 4349 appel
1738 4282 1820 4339 ati,
1836 4282 1959 4346 quod
1984 4284 2071 4331 sub
2092 4284 2326 4345 Magistro
2347 4284 2449 4331 offi-

1381 4348 1556 4397 ciorum
1590 4348 1889 4397 militarent-’'
1932 4347 2043 4395 Vid.
2070 4348 2099 4397 J
2108 4362 2179 4397 ac.
2204 4347 2449 4397 Gotofred.

1382 4413 1442 4461 ad
1477 4414 1549 4463 tit.
1584 4412 1705 4462 Cod.
1737 4411 1920 4460 Theod.
1953 4410 2012 4459 de
2047 4412 2221 4477 Agent.
2253 4411 2304 4460 in
2348 4412 2450 4461 reb.

1383 4478 1444 4541 [t.
1463 4478 1511 4527 ii.
1534 4494 1584 4543 p.
1608 4478 1698 4527 164
1719 4476 1852 4543 sqq.]
1877 4478 1960 4525 Du
1982 4476 2164 4540 Gange.
