3042 5059
658 364 1378 430 CONFESSIONUM
1424 367 1713 431 LIBER
1754 368 2383 431 vl1.123

173 518 482 582 membris
537 517 725 602 ejus?
821 518 1142 587 Quoniam
1185 520 1414 604 justus
1471 543 1560 599 es,
1609 522 1927 597 Domine3
1992 540 2113 583 nos
2172 529 2384 584 autem
2406 532 2535 581 Dan.
2556 534 2611 591 3,

163 623 606 701 peccavimus,
647 622 872 704 inique
907 620 1222 703 fecimus,
1263 623 1463 701 impie
1500 622 1835 703 yessimuS,
1879 628 1943 683 et
1988 631 2269 702 gravata·
2289 631 2386 685 est
2402 598 2613 647 97“99’

171 742 373 803 super
395 742 519 783 nos
548 741 776 784 manus
805 728 936 797 tua,
966 728 1032 783 et
1048 720 1224 805 juste
1254 722 1491 783 traditi
1516 742 1739 784 sumus
1768 720 2033 805 antiquo
2059 723 2385 805 peccatori

167 821 526 904 praeposito
571 821 831 897 mortis;
898 821 1054 904 quia
1093 820 1408 903 persuasit
1449 820 1764 885 voluntati
1813 830 2045 887 nostrae
2092 816 2385 885 similitu-

170 921 397 985 dinem
426 923 772 985 voluntatis
811 942 966 999 suae,
1007 942 1136 1006 qua
1171 924 1244 983 iu
1282 923 1557 985 veritate
1594 930 1712 984 tua
1750 942 1877 984 non
1913 923 2115 984 stetit.
2210 921 2388 987 Quid
2404 928 2514 977 Joh
2536 930 2587 985 8.

147 1024 382 1105 faciet
427 1024 623 1085 miser
666 1022 892 1084 homo?
985 1021 1148 1090 Quis
1195 1043 1342 1085 eum
1395 1022 1703 1086 liberabit
1739 1022 1819 1085 de
1861 1042 2121 1102 corpore
2160 1025 2454 1118 mortisR
2404 994 2485 1041 44.
2487 1072 2605 1119 m.7

167 1123 398 1204 hujus,
434 1120 562 1183 nisi
601 1122 826 1202 qratia
871 1128 988 1183 tua
1019 1140 1148 1200 per
1188 1121 1414 1183 Jesum
1466 1122 1799 1184 Christum
1845 1122 2201 1183 Dominum
2243 1143 2384 1185 nos-
2402 1071 2486 1184 21919
2487 1086 2588 1185 22¹».
2609 1109 2625 1131 ⁹

169 1230 381 1302 trum,
439 1242 632 1305 quem
689 1219 970 1301 genuisti
1029 1226 1437 1295 coaeternum,
1495 1228 1563 1284 et
1616 1223 1855 1283 creasti
1916 1223 1989 1283 in
2050 1224 2386 1303 principio
2408 1242 2544 1293 prov.
2574 1244 2624 1301 8,

63 1356 83 1385 e
164 1324 431 1385 viarum
478 1330 768 1397 tuarum,
810 1323 884 1383 in
927 1341 1050 1403 quo
1101 1322 1408 1401 princeps
1449 1320 1648 1404 hujus
1696 1320 1929 1382 mundi
1970 1342 2096 1383 nori
2139 1323 2385 1385 invenit
2404 1308 2483 1354 ²²·

168 1422 532 1506 quidquam
575 1428 775 1483 morte
819 1420 1109 1501 dignum,
1139 1427 1205 1484 et
1248 1419 1488 1483 occidit
1530 1441 1714 1496 eum3
1759 1427 1825 1482 et
1864 1430 2247 1483 evacuatum
2290 1431 2385 1485 est
2403 1382 2519 1497 {gh
2544 1386 2605 1433 ¹⁴

166 1524 676 1603 cliiroyraplmm
705 1521 877 1604 quod
900 1527 1046 1584 erat
1074 1522 1477 1583 contrarium
1507 1518 1734 1583 nobis?
1819 1522 1971 1584 Hoc
2000 1520 2129 1584 illae
2158 1522 2384 1585 litterae
2404 1526 2509 1574 Col.
2533 1531 2584 1586 2,

166 1643 308 1684 non
335 1623 600 1685 habent.
689 1623 844 1683 Non
871 1621 1115 1684 habent
1151 1620 1280 1683 illae
1319 1620 1577 1703 paginae
1606 1621 1851 1683 vultum
1880 1621 2141 1703 pietatis
2167 1622 2383 1706 huju3‚
2407 1591 2484 1638 14

165 1723 492 1805 lacrymas
536 1720 977 1799 confessionis,
1014 1723 1414 1803 sacrificium
1461 1729 1670 1798 tuum,
1708 1723 2015 1801 spiritum
2058 1722 2383 1785 contribu-
2403 1742 2486 1792 Ps.
2508 1745 2592 1802 50,

165 1823 409 1899 latum,
429 1843 538 1884 cor
567 1824 916 1885 contritum
947 1829 1012 1884 et
1041 1823 1485 1898 humitiatum,
1512 1821 1741 1905 populi
1771 1822 2060 1898 salutem,
2086 1842 2381 1902 sponsam
2405 1808 2483 1855 19.

165 1926 531 2001 civitatem,
587 1925 854 1986 arrham
916 1923 1208 2002 Spiritus
1263 1924 1497 1999 sancti,
1543 1924 1845 2002 poculum
1891 1925 2104 2003 pretii
2159 1926 2379 1987 nostri.
2398 1885 2557 2005 ἓιῗοὲζ

166 2026 390 2088 Nemo
428 2024 524 2087 ibi
563 2031 811 2087 cantat.
869 2025 1104 2087 Nonne
1131 2025 1270 2086 Deo
1297 2024 1558 2087 subdita
1585 2026 1715 2086 erit
1743 2026 1969 2087 anima
1998 2045 2173 2087 mea.
2160 2022 2193 2068 9
2284 2024 2380 2087 Ab
2398 2027 2430 2073 ²
2446 2027 2559 2077 Cor.
2569 2030 2619 2085 5,

167 2129 316 2206 ipso
343 2128 518 2190 enim
545 2128 839 2189 salutare
853 2146 1089 2189 meum.
1155 2127 1476 2188 Etenim
1450 2147 1586 2205 ipse
1606 2134 1701 2188 est
1726 2126 1906 2188 Deus
1926 2146 2106 2189 meus
2123 2134 2189 2189 et
2204 2092 2482 2217 salu-“12¹3
2504 2169 2588 2228 61

169 2229 344 2289 taris
386 2247 600 2295 meus,-
661 2233 987 2306 susceptor
1028 2246 1228 2303 meus,
1270 2247 1398 2287 non
1446 2225 1735 2288 movebor
1776 2228 2078 2306 amplius.
2168 2228 2379 2290 Nemo
2399 2234 2447 2280 2
2468 2233 2522 2281 3.

163 2327 268 2391 ibi
291 2327 471 2391 audit
489 2336 857 2392 vocantem·
907 2328 1125 2390 Venite
1143 2327 1236 2389 ad
1253 2347 1376 2403 me,
1395 2329 1744 2409 omnesqui
1763 2326 2090 2389 laboratis.
2134 2327 2378 2409 Dedig-
2402 2338 2523 2389 Mat.
2543 2339 2621 2396 ιι,

167 2438 410 2493 nantur
457 2431 538 2492 ab
591 2450 668 2491 eo
716 2429 960 2491 discere
1010 2431 1315 2511 quoniam
1367 2431 1550 2492 mitis
1596 2438 1693 2491 est
1742 2436 1805 2491 et
1856 2431 2124 2491 humilis
2172 2431 2377 2493 corde.
2398 2403 2482 2516 {g
2499 2404 2583 2451 29.

165 2530 579 2593 Abscondisti
620 2530 794 2592 enim
831 2531 963 2593 liceo
1005 2550 1050 2591 a
1091 2529 1489 2608 sapientibus
1525 2538 1590 2592 et
1626 2529 2081 2609 prudentibus,
2108 2538 2172 2593 et
2210 2552 2381 2594 reve·

165 2633 327 2693 lasti
363 2652 440 2693 ea
472 2630 794 2709 parvulis.
883 2628 976 2692 Et
1013 2626 1191 2690 aliud
1229 2635 1329 2691 est
1365 2628 1446 2691 de
1486 2628 1759 2692 silvestri
1798 2630 2130 2693 cacumine
2168 2631 2381 2695 videre
2401 2652 2548 2701 Dent.

167 2730 447 2812 patriam
487 2728 691 2811 paciS‚
719 2735 784 2790 et
819 2729 939 2791 iter
975 2726 1059 2790 ad
1099 2748 1242 2791 eam
1283 2749 1417 2790 non
1458 2728 1768 2807 invenire,
1796 2738 1863 2792 et
1897 2729 2127 2793 frustra
2164 2734 2381 2795 conari
2398 2718 2479 2777 32,
2507 2719 2588 2768 ⁴9·

166 2850 290 2911 per
331 2829 531 2905 invia,
561 2828 801 2891 circum
845 2826 1288 2891 obsidentibus
1333 2836 1398 2891 et
1438 2828 1897 2892 insidiantibus
1937 2830 2225 2911 fugitivis
2270 2831 2379 2894 de-

165 2928 543 3005 sertoribus,
573 2950 721 2991 cum
749 2928 1040 3011 principe
1071 2948 1186 2990 suo
1216 2930 1393 2991 leone
1419 2936 1484 2991 et
1512 2928 1823 2991 dracone:
1868 2938 1934 2993 et
1961 2930 2137 2994 aliud
2168 2940 2378 2993 tenere
2399 2954 2476 3002 Pe.
2502 2955 2585 3011 90,

161 3028 342 3091 viam
386 3028 543 3091 illuc
588 3028 949 3106 ducentem,
994 3026 1213 3091 curia·
1263 3028 1546 3091 coelestis
1589 3029 2004 3110 Imperatoris
2044 3032 2377 3107 munitam,
2400 3019 2473 3067 13.

160 3128 283 3190 ubi
331 3149 470 3191 non
518 3129 979 3193 latrocinantur
1030 3128 1144 3211 qui
1202 3128 1531 3191 coelestem
1586 3128 1880 3191 militiam
1930 3127 2377 3207 deseruerunt3

161 3228 376 3291 vitant
405 3229 579 3291 enim
609 3250 750 3292 eam
782 3230 949 3292 sicut
979 3228 1385 3312 supplicium.
1449 3230 1617 3293 Haec
1647 3228 1807 3291 mihi
1834 3228 2381 3293 inviscerabantur

161 3329 347 3391 miris
375 3328 610 3406 modiS,
641 3350 788 3393 cum
815 3331 1160 3392 minimum
1191 3330 1634 3408 Apostolorum
1666 3338 1917 3393 tuorum
1954 3331 2285 3411 legerem⁸,
2314 3340 2419 3394 etl
2450 3344 2563 3393 Cor.

163 3429 721 3494 consideraveram
749 3449 945 3514 opera
969 3437 1101 3506 tua,
1131 3434 1198 3490 et
1225 3449 1630 3511 expaveram.
2402 3410 2478 3467 15
2497 3410 2544 3458 9.

229 3694 254 3733 ε
291 3689 376 3737 Ad
410 3687 537 3737 hanc
562 3687 672 3737 vitae
695 3702 794 3737 sum
815 3694 1016 3761 partem.
1039 3693 1091 3735 ut
1113 3685 1242 3736 vide-

165 3761 257 3809 tur,
280 3752 475 3817 respicit
507 3756 637 3817 Aug.
659 3753 720 3801 ad
752 3750 1106 3800 Romanianum
1129 3751 1242 3799 scri-

165 3818 284 3865 bem
326 3818 400 3880 (c.
440 3816 596 3865 Acnd.
633 3816 680 3864 ii.
716 3817 759 3877 §.
791 3815 870 3877 5.)
903 3814 1042 3863 simul
1084 3823 1244 3863 tamen

167 3882 520 3930 conversionem
555 3880 838 3933 subindicat.
861 3879 942 3927 cui
976 3878 1078 3926 baec
1111 3878 1240 3926 viam

167 3945 342 3993 sensim
382 3944 680 4001 muniebant,
723 3958 926 4007 quaeque
969 3958 1000 3990 a
1040 3942 1240 3991 lectione

165 4010 375 4072 ejusdem
421 4008 643 4082 Apostoli
694 4007 900 4072 profecta
941 4014 1043 4065 est3
1102 4021 1244 4079 quam

166 4081 328 4121 tamen
367 4088 451 4137 pro
494 4072 638 4121 amici
669 4071 846 4128 indole,
887 4071 1041 4118 adhuc
1079 4069 1242 4118 Mani-

165 4136 808 4186 chaeismitenebrisobvoluti
813 4134 1241 4198 ,obscuriustangit.

165 4200 470 4259 “Quoniam
505 4201 714 4249 nondum
747 4199 910 4248 aderat
940 4213 997 4247 ea
1027 4198 1236 4255 flamma,

164 4281 273 4328 quae
286 4279 475 4314 summu
493 4279 580 4313 nos
595 4272 838 4328 arreptura
855 4271 973 4319 erat,
989 4262 1123 4309 illam
1141 4278 1240 4326 qua

164 4329 295 4377 lenta
317 4328 659 4385 aestuabamus,
681 4328 1022 4375 arbitrabamur
1042 4325 1116 4375 vel
1139 4341 1240 4374 esse

163 4394 436 4443 maximnm.
511 4393 638 4441 Cum
660 4406 771 4440 ecce
803 4390 884 4439 tibi
912 4390 1017 4439 libri
1045 4390 1238 4455 quidam

165 4457 444 4522 pleni—ubi
465 4455 541 4507 illi
557 4456 812 4506 flammula
831 4454 1114 4506 instillarunt
1135 4470 1240 4519 pre·

1307 3685 1536 3735 tiosissimi
1576 3690 1802 3751 ung-uenti
1853 3697 2011 3765 guttas
2056 3688 2374 3763 paucissimas,

1305 3749 1598 3808 incredibile,
1644 3752 1955 3809 Romaniane,
1998 3753 2287 3811 incredibile,
2326 3762 2375 3803 et

1305 3813 1593 3878 ultraquam
1626 3817 1687 3865 de
1719 3832 1793 3865 me
1824 3817 2014 3866 fortasse
2044 3826 2092 3865 et
2123 3826 2175 3865 tu
2207 3818 2372 3876 credis,

1335 3879 1446 3942 quid
1452 3829 1683 3953 qamplius
1712 3880 1863 3928 dicam
1878 3883 1927 3942 2)
1966 3882 2106 3928 etiam
2141 3880 2255 3928 mihi
2285 3881 2375 3954 ipsi

1338 3957 1365 3989 e
1386 3944 1564 4065 izi-cip&
1586 3944 1856 4055 incredibile
1874 3944 2143 4053 issoendium
2166 3944 2372 4054 cogniti}-

1312 4020 1398 4054 run
1554 4023 1625 4054 urs
1657 4023 1732 4056 me
1785 4023 1878 4054 unc
1932 4022 2061 4065 onor,
2116 4022 2189 4053 uae
2256 4022 2349 4054 omi

1309 4084 1421 4117 num
1447 4084 1638 4143 pompa,
2083 4024 2114 4070 q

1305 4135 1432 4196 quod
1451 4134 1654 4198 denique
1708 4134 1817 4207 ujus
1837 4134 2046 4183 mortalis
2062 4135 2169 4183 vitm
2188 4134 2367 4183 fomen-

1303 4204 1401 4245 tum
1457 4205 1597 4261 atque
1650 4197 1957 4247 retinaculum
2011 4199 2370 4247 commovebat!

1303 4262 1499 4309 Prorsus
1541 4270 1665 4310 totus
1711 4262 1760 4310 in
1812 4276 1888 4310 me
1931 4262 2101 4311 cursim
2142 4263 2370 4311 redibam.

1303 4324 1510 4389 Respexi
1542 4333 1743 4382 tantum,
1766 4326 2006 4381 confiteor,
2038 4326 2172 4389 quasi
2202 4326 2261 4374 de
2294 4326 2371 4373 iti-

1302 4404 1412 4438 nere
1450 4390 1500 4437 in
1549 4390 1683 4438 illam
1728 4390 2021 4453 religionem,
2063 4406 2171 4455 quoe
2212 4390 2370 4455 pueris

1305 4453 1439 4503 nobis
1457 4452 1595 4504 insita
1614 4464 1700 4513 est,
1722 4462 1771 4504 et
1805 4454 2075 4505 medullitus
2094 4455 2366 4521 implicata.

1689 4086 1765 4118 ua
1788 4070 1941 4119 inanis
1962 4070 2100 4117 famae
2122 4085 2181 4119 cu
2185 4070 2370 4133 piditas,
