3042 5059
715 412 835 471 106
1259 407 1330 471 S.
1375 405 1893 470 AUGUSTINI
1938 403 2359 471 EPISCOPI

797 570 856 627 5.
902 565 996 627 Et
1040 559 1452 625 intendebam
1498 568 1575 624 ut
1624 581 1944 625 cernerem
1996 557 2173 644 quod
2230 558 2589 636 audiebam,
2638 558 2906 623 liberum

707 666 1053 731 voluntatis
1081 664 1408 728 arbitrium
1435 686 1695 729 causam
1722 686 1863 729 esse
1891 672 1965 727 ut
1990 664 2157 727 male
2184 663 2555 740 faceremus,
2576 669 2646 723 et
2670 667 2907 724 rectum

696 766 1020 852 judicium
1051 773 1230 829 tuum
1257 772 1331 828 ut
1354 760 1772 848 pateremur¹3
1818 772 1884 827 et
1926 786 2068 829 eam
2103 761 2459 847 liquidam*
2491 782 2749 826 cernere
2781 781 2905 822 non

707 868 1019 933 valebam.
1083 864 1340 949 'Itaque
1367 865 1572 929 aciem
1601 865 1833 928 mentis
1865 864 1944 927 de
1972 861 2291 948 profundo
2321 862 2590 927 educere
2625 870 2907 937 conatus,

708 969 1040 1049 mergebar
1084 966 1342 1042 iterum3
1416 972 1482 1027 et
1532 986 1703 1047 saepe
1756 971 2044 1042 conatuS,
2082 964 2416 1043 mergebar
2453 964 2684 1025 iterum
2720 969 2905 1044 atque

705 1070 952 1131 iterum.
1072 1066 1466 1129 Sublevabat
1521 1065 1693 1129 enim
1751 1086 1855 1127 me
1911 1064 1979 1127 in
2036 1065 2248 1127 lucem
2308 1071 2483 1127 tuam
2543 1061 2723 1146 quod
2780 1070 2903 1124 tam

709 1169 990 1233 sciebam
1035 1188 1138 1229 me
1185 1166 1428 1229 habere*
1472 1166 1884 1242 voluntatem,
1938 1186 2133 1249 quam
2183 1185 2286 1227 me
2345 1165 2577 1227 vivere.
2681 1165 2906 1246 Itaque

709 1291 856 1334 cum
902 1266 1146 1351 aliquid
1192 1268 1420 1331 vellem
1465 1274 1579 1329 aut
1622 1267 1881 1343 nollem,
1914 1287 2047 1329 non
2090 1265 2285 1328 alium
2340 1286 2533 1349 quam
2590 1286 2696 1327 me
2752 1265 2907 1327 velle

707 1376 822 1433 aut
854 1369 1025 1431 nolle
1068 1367 1460 1432 certissimus
1498 1388 1671 1431 eram
1683 1390 1702 1443 ;
1758 1375 1825 1429 et
1864 1368 1959 1429 ibi
2002 1388 2142 1431 esse
2186 1386 2446 1430 causam
2489 1364 2745 1448 peccati
2788 1364 2911 1427 mei

693 1468 834 1552 jam
881 1467 1150 1551 jamque
1209 1466 1809 1529 animadvertebam.
1928 1465 2119 1539 Quod
2192 1474 2404 1531 autem
2462 1466 2704 1529 invitus
2746 1467 2909 1529 face-

703 1590 858 1647 rem,
915 1568 1052 1653 pafi
1119 1588 1222 1631 me
1286 1567 1506 1651 potius
1580 1588 1775 1650 quam
1844 1568 2051 1630 facere
2120 1566 2451 1643 videbam,
2537 1574 2604 1629 et
2657 1565 2731 1628 id
2784 1587 2913 1627 non

705 1670 983 1754 culpam,
1031 1667 1145 1731 sed
1201 1690 1462 1751 poenam
1520 1689 1663 1731 esse
1708 1666 2109 1752 judicabam,
2160 1689 2291 1751 qua
2340 1688 2441 1731 me
2491 1688 2626 1729 non
2682 1665 2915 1749 injuste

701 1773 922 1856 plecti,
952 1781 1013 1835 te
1031 1771 1280 1855 justum
1310 1772 1626 1852 cogitanS,
1658 1772 1785 1835 cito
1813 1772 2075 1835 fatebar.
2166 1770 2298 1835 Sed
2325 1790 2545 1835 rursus
2582 1770 2910 1834 dicebam:

705 1876 870 1949 Quis
908 1873 1063 1939 fecit
1099 1874 1239 1938 me?
1331 1877 1569 1939 Nonne
1616 1876 1797 1939 Deus
1839 1896 2043 1953 meus,
2082 1896 2215 1938 non
2252 1880 2499 1939 tantum
2534 1875 2773 1951 bonuS,
2802 1874 2917 1936 sed

702 1976 917 2059 ipsum
945 1974 1225 2039 bouum?
1317 1975 1511 2040 Unde
1540 1976 1735 2057 igitur
1762 1976 1923 2039 mihi
1951 1976 2119 2039 male
2150 1976 2313 2038 velle
2344 1983 2411 2037 et
2434 1976 2602 2037 bene
2630 1975 2829 2051 nolle,
2848 1982 2920 2037 ut

703 2084 873 2139 esset
911 2098 1026 2139 cur
1053 2076 1230 2161 juste
1268 2099 1498 2162 poenas
1537 2076 1815 2143 luerem?
1919 2079 2085 2152 Quis
2131 2078 2201 2141 in
2245 2099 2349 2140 me
2393 2078 2519 2141 hoc
2566 2077 2815 2160 posuit,
2858 2084 2921 2139 et

703 2176 972 2240 inseruit
1019 2178 1182 2241 mihi
1225 2179 1616 2262 plantarium
1660 2179 2125 2257 amaritudiniS‚
2177 2201 2323 2243 cum
2380 2186 2555 2243 totus
2610 2178 2837 2246 fierem
2882 2200 2922 2241 a

703 2277 1076 2341 dulcissimo
1105 2280 1250 2341 Deo
1276 2279 1464 2343 meo?
1537 2281 1608 2344 Si
1638 2280 1935 2345 diabolus
1956 2289 2198 2359 auctor,
2218 2279 2389 2345 unde
2411 2281 2555 2365 ipse
2578 2278 2915 2344 diabolus?

705 2378 898 2452 Quod
928 2380 983 2442 si
1013 2388 1080 2443 et
1114 2381 1256 2464 ipse
1297 2402 1597 2464 perversa
1630 2383 1957 2445 voluntate
2002 2403 2089 2444 ex
2126 2383 2300 2444 bono
2340 2382 2571 2462 angelo
2620 2381 2920 2444 diabolus

703 2481 914 2545 factus
941 2491 1066 2559 est3
1111 2482 1284 2545 unde
1313 2490 1380 2545 et
1404 2482 1474 2544 in
1503 2482 1651 2565 ipso
1681 2483 1976 2545 voluntas
2003 2483 2175 2545 mala
2204 2504 2333 2566 qua
2376 2481 2677 2559 diabolus
2717 2482 2921 2559 fieret,

705 2580 963 2666 quando
993 2590 1166 2647 totus
1197 2584 1462 2664 angelus
1491 2605 1532 2646 a
1562 2581 1888 2647 conditore
1920 2583 2162 2666 optimo
2197 2582 2404 2647 factus
2444 2581 2695 2646 esset'?
2789 2584 2920 2647 His

706 2684 1207 2766 cogitationibus
1265 2683 1669 2767 deprimebar
1723 2684 1955 2747 iterum
2015 2692 2081 2748 et
2135 2686 2521 2749 suffocabar:
2612 2683 2731 2747 sed
2788 2703 2923 2747 non

469 2802 554 2851 Ps.
571 2802 622 2860 6,
639 2802 691 2851 6.
705 2806 911 2869 usque
961 2785 1045 2849 ad
1091 2785 1409 2849 infernum
1447 2786 1631 2847 illum
1674 2784 2080 2850 subducebar
2121 2786 2364 2864 errori8‚
2403 2785 2519 2849 ubi
2564 2806 2761 2848 nemo
2801 2784 2924 2847 tibi

705 2886 1073 2967 confitetur,
1130 2885 1284 2948 dum
1349 2895 1420 2949 tu
1473 2886 1691 2968 potius
1749 2888 1919 2951 mala
1975 2888 2133 2970 pati,
2194 2909 2387 2971 quam
2444 2888 2643 2951 homo
2714 2888 2921 2951 facere

705 2993 983 3071 putamr.

531 3103 628 3152 lv.
795 3092 855 3151 6.
903 3088 1010 3152 Sic
1061 3088 1231 3151 enim
1289 3088 1539 3151 nitebar
1592 3088 1878 3151 invenire
1938 3097 2187 3165 caetera,
2234 3095 2308 3150 ut
2352 3087 2493 3171 jam
2548 3087 2918 3151 inveneram

470 3168 630 3217 Deum
707 3189 937 3253 melius
993 3210 1134 3253 esse
1192 3188 1700 3272 incorruptibile,
1751 3210 1947 3273 quam
1996 3188 2441 3271 corruptibile;
2514 3195 2581 3251 et
2632 3187 2783 3251 ideo
2835 3197 2925 3268 te,

467 3230 623 3280 incor-

469 3295 666 3361 ruptibi-
709 3288 1030 3373 quidquid
1058 3309 1254 3366 essee,
1284 3310 1424 3351 esse
1451 3289 2007 3372 incorruptibilem
2037 3289 2408 3353 confitebar.
2484 3290 2721 3372 Neque
2748 3290 2925 3351 enim

467 3360 564 3408 lem
593 3375 696 3409 esse

469 3431 664 3489 oportet·
777 3488 799 3527 5
827 3493 1094 3559 Dupliciter
1125 3494 1389 3560 appellatur
1410 3494 1608 3553 malum,
1632 3510 1777 3543 unum
1844 3510 1995 3568 posse,
2019 3510 2105 3543 nec
2129 3504 2278 3560 potest
2295 3495 2600 3545 vella—Sed
2636 3496 2726 3545 hoc
2762 3496 2931 3545 audito

709 3558 836 3623 quod
869 3558 1009 3606 homo
1036 3558 1164 3616 facit,
1186 3559 1385 3607 alterum
1420 3560 1545 3622 quod
1572 3559 1780 3624 patitur3
1846 3559 2142 3609 Manichaeus
2180 3560 2335 3609 adhuc
2370 3561 2533 3625 pergit,
2568 3568 2581 3587 ⁸
2607 3559 2649 3609 si
2678 3576 2739 3609 ex
2773 3559 2932 3609 libera

710 3623 838 3685 quod
880 3622 990 3671 facit
1034 3631 1278 3687 peccatum
1317 3630 1404 3679 eet,
1437 3622 1565 3685 quod
1608 3623 1781 3689 patitur
1843 3623 2085 3672 voluntate
2128 3633 2307 3673 natum
2346 3624 2581 3673 rational'n
2616 3632 2688 3673 est
2722 3624 2932 3681 malum,

711 3700 871 3751 poena.
923 3686 1096 3735 Divina
1118 3686 1402 3751 providentia
1423 3695 1595 3735 cuncta
1614 3687 1774 3737 mode·
1838 3688 1965 3737 unde
1987 3697 2096 3738 sunt
2118 3687 2203 3737 ista
2223 3698 2291 3737 tot
2305 3690 2449 3745 mala,
2465 3704 2573 3737 cum
2592 3688 2768 3752 quibus
2792 3690 2931 3737 nasci

711 3757 842 3798 rante
863 3756 911 3797 et
931 3752 1237 3813 gubernante,
1259 3750 1327 3798 ita
1360 3751 1500 3799 homo
1522 3752 1645 3801 male
1668 3752 1777 3800 facit
1839 3752 2067 3812 videmus,
2088 3752 2170 3818 qui
2201 3754 2405 3802 noudum
2431 3753 2643 3800 libertate
2666 3753 2936 3801 voluntatis

711 3814 838 3878 quod
879 3814 999 3873 vult,
1033 3823 1086 3862 ut
1118 3814 1242 3863 male
1277 3814 1479 3880 patiatur
1515 3818 1641 3881 quod
1684 3833 1778 3866 non
1844 3818 2248 3867 utuntur'l-Hic
2284 3832 2367 3865 uos
2398 3819 2750 3880 respondemus,
2782 3817 2936 3865 etiam

711 3878 830 3926 vult.
874 3878 1001 3943 Aug.
1048 3895 1093 3926 c.
1128 3878 1289 3926 Adim.
1333 3895 1373 3928 c.
1420 3882 1501 3928 26.
1572 3880 1779 3946 Respon-
1848 3882 1935 3929 ista
1969 3882 2111 3937 mala,
2130 3896 2191 3929 ex
2214 3881 2451 3929 voluntate
2482 3881 2707 3930 humanae
2743 3890 2937 3929 naturae

713 3941 878 3990 demus
910 3942 1216 4002 Manichaeis,
1251 3959 1344 3991 nou
1379 3960 1478 3993 esse
1514 3944 1690 3993 malum
1722 3960 1781 3993 ex
1846 3945 2070 4009 originem
2092 3945 2279 3999 ducere,
2302 3960 2397 4009 qua
2418 3944 2655 4009 granditer
2674 3955 2938 4011 peccante,

713 4007 842 4065 Deo,
879 4022 1032 4072 neque
1061 4016 1347 4057 coaeternum
1389 4008 1529 4066 De03
1568 4010 1649 4057 sed
1683 4024 1783 4057 ma·
1846 4008 2005 4058 vitiata
2025 4017 2199 4059 etcum
2222 4008 2363 4073 stirpe
2384 4010 2607 4058 damnata
2624 4019 2715 4059 est.
2787 4011 2940 4059 Unde

711 4068 810 4119 lum
824 4079 974 4119 ortum
997 4087 1098 4121 esse
1117 4089 1175 4120 ex
1193 4071 1591 4121 liberavoluntate
1608 4081 1784 4121 naturae
1850 4082 2028 4121 naturae
2050 4073 2188 4137 hujus
2219 4080 2314 4121 tam
2346 4074 2495 4123 multa
2529 4074 2771 4122 naturalia
2804 4076 2943 4123 bona

712 4134 966 4194 rationalis,
989 4152 1096 4199 quae
1129 4137 1252 4186 bene
1272 4151 1303 4184 a
1323 4137 1448 4185 bono
1469 4136 1655 4186 condita
1674 4145 1744 4187 est
1762 4156 1777 4195 ς
1848 4137 2043 4186 veniunt
2062 4138 2121 4186 de
2147 4138 2241 4186 Dei
2256 4137 2459 4203 opificio.
2480 4138 2607 4186 mala
2629 4140 2691 4188 de
2708 4138 2903 4203 judicio
2928 4158 2940 4197 ;

711 4200 792 4247 sed
813 4199 997 4248 bonitas
1012 4199 1114 4263 ejus
1143 4216 1234 4249 non
1264 4208 1334 4249 est
1367 4202 1560 4265 aequalis
1593 4201 1781 4249 bonitati
1846 4217 1954 4264 quae
1986 4202 2115 4249 mala
2150 4202 2284 4250 nullo
2320 4204 2459 4251 modo
2490 4218 2589 4251 esse
2624 4212 2829 4251 naturas
2862 4203 2940 4251 vel

713 4263 973 4313 Conditoris
1025 4264 1162 4329 ejus;
1216 4264 1435 4329 quoniam
1478 4282 1573 4314 nou
1616 4274 1783 4313 natura
1847 4266 2127 4316 substantias
2145 4282 2240 4315 non
2256 4267 2415 4316 vident
2428 4266 2728 4325 Manichaei;
2765 4283 2942 4317 verum

711 4327 792 4375 sed
824 4342 944 4392 opus
974 4328 1079 4392 ejus
1108 4338 1205 4386 est;
1241 4328 1441 4393 ideoque
1475 4328 1639 4379 habuit
1670 4346 1779 4395 pec-
1848 4330 1951 4379 ideo
1972 4330 2066 4379 dici
2087 4330 2335 4387 naturalia,
2354 4332 2467 4397 quia
2484 4348 2594 4379 cum
2612 4332 2679 4381 eis
2699 4331 2945 4387 homines,

711 4391 852 4439 candi
883 4391 1245 4456 possibilitatem,
1269 4408 1364 4441 nou
1396 4403 1553 4441 tamen
1586 4394 1780 4443 necessi·
1844 4394 2004 4443 vitiata
2022 4394 2211 4460 originis
2222 4406 2446 4460 tanquam
2460 4396 2633 4453 radice,
2650 4405 2947 4447 nascuntur.

710 4460 870 4502 tatem.
909 4457 1014 4504 Nec
1033 4456 1380 4521 possibilitatem
1400 4466 1557 4505 autem
1574 4457 1779 4517 haberet,
1847 4460 1946 4525 Op.
1970 4461 2097 4525 Imp.
2121 4476 2163 4509 c.
2192 4460 2375 4511 Julian.
2397 4462 2463 4510 vi.
2488 4464 2539 4510 5.

712 4518 751 4564 si
773 4519 867 4569 Dei
899 4527 1066 4569 natura
1093 4528 1228 4578 esset,
1251 4520 1332 4583 qui
1353 4535 1551 4587 peccare
1574 4536 1659 4570 nec
1681 4523 1781 4570 vult
1886 4577 1891 4583 ,
