3042 5059
604 332 1320 399 CONFESSIONUM
1367 338 1649 407 LIBER
1692 339 1883 403 VIII.
1944 368 1950 373 ·
2211 342 2331 401 143

141 488 562 571 iniquitatum
591 496 961 553 nostrarum
983 492 1429 575 antiquarum.
1520 493 1889 561 sentiebam
1907 493 2080 558 enim
2110 494 2203 557 eis
2231 515 2333 559 me

143 587 357 651 teneri:
407 587 742 671 jactabam
789 612 982 655 voces
1041 591 1454 658 miserabileS.
1566 594 1927 666 Quamdiu?
2006 596 2333 680 quamdiu,

147 689 294 752 Cras
321 696 384 765 et
411 689 594 753 cras?
684 691 896 762 Quare
938 714 1072 771 non
1113 692 1341 759 modo?
1407 716 1602 778 quare
1646 716 1778 762 non
1820 697 1943 761 hac
1987 697 2145 761 hora
2182 696 2333 762 finis

144 788 543 871 turpitudinis
573 791 770 855 meae?

223 894 318 951 29.
361 889 682 955 Dicebam
710 892 874 970 haec,
905 900 972 956 et
997 896 1234 957 flebam
1274 896 1669 971 amarissima
1702 897 2083 963 contritione
2122 896 2334 960 cordis

145 992 274 1055 mei.
344 992 435 1053 Et
455 1014 610 1057 ecce
633 995 827 1061 audio
848 1017 1074 1060 vocem
1102 996 1182 1060 de
1211 998 1426 1061 vicina
1453 999 1644 1062 domo
1674 1021 1822 1063 cum
1852 1008 2046 1066 cantu
2063 998 2335 1063 dicentis

148 1099 204 1154 et
243 1093 452 1155 crebro
486 1094 857 1176 repetentis,
893 1094 1079 1178 quasi
1112 1096 1295 1178 pueri
1337 1118 1418 1160 an
1460 1099 1716 1181 puellae,
1748 1100 1967 1165 nescio
1993 1124 2007 1162 ε
2056 1100 2097 1132 “
2127 1101 2333 1176 Tolle,

147 1195 314 1273 lege,
370 1194 548 1273 tolle,
600 1196 801 1277 lege.”
891 1196 1248 1278 Statimque
1312 1204 1553 1262 mutato
1618 1200 1820 1277 vultu,
1868 1200 2333 1263 intentissimus

150 1293 405 1372 cogitare
461 1294 638 1376 coepi
695 1302 1057 1359 utrumnam
1115 1296 1392 1360 solerent
1445 1298 1629 1379 pueri
1687 1299 1755 1360 in
1815 1299 2035 1383 aliquo
2105 1321 2332 1381 genere

149 1394 389 1459 ludendi
427 1396 738 1459 cantitare
775 1398 902 1459 tale
943 1396 1227 1480 aliquid3
1283 1421 1401 1463 nec
1443 1404 1815 1468 occurrebat
1853 1402 2113 1465 omnino
2154 1402 2331 1468 audi-

150 1496 296 1557 visse
323 1516 422 1557 me
451 1496 728 1578 uspiam.
817 1498 1268 1579 Repressoque
1306 1498 1552 1581 impetu
1588 1502 2032 1583 lacrymarum,
2064 1504 2331 1580 surrexi,

150 1598 291 1659 nihil
318 1595 489 1659 aliud
514 1597 962 1681 interpretanS,
989 1597 1157 1661 nisi*
1177 1599 1482 1665 divinitus
1510 1603 1671 1671 mihi
1688 1604 1903 1689 juberi
1929 1612 2003 1673 ut
2024 1606 2333 1688 aperirem

153 1696 434 1775 codicem,
463 1705 529 1760 et
558 1700 836 1779 legerem
868 1699 1042 1782 quod
1068 1701 1346 1783 primum
1374 1711 1573 1785 caput
1597 1704 2003 1768 invenissem.
2090 1706 2328 1772 Audie-

154 1822 269 1863 ram
295 1800 458 1861 enim
485 1799 572 1863 de
600 1802 883 1879 Antonio
916 1802 1092 1885 quod
1119 1800 1246 1865 ex*
1281 1805 1653 1885 evangelica
1677 1807 1953 1870 lectione
1964 1812 2009 1883 θ,
2041 1806 2147 1870 cui
2174 1808 2331 1872 forte

156 1910 598 1985 supervenerat,
639 1903 1002 1967 admonitus
1040 1905 1248 1982 fuerit,
1289 1913 1597 1989 tanquam
1638 1908 1763 1970 sibi
1802 1907 2117 1971 diceretur
2157 1907 2335 1991 quod

152 2006 469 2085 legebatur,
516 2005 714 2083 Vade,
740 2005 938 2068 vende
976 2008 1195 2085 omnia
1235 2028 1374 2091 quce
1417 2008 1631 2085 habe-3,
1660 2016 1725 2070 et
1764 2009 1849 2071 da
1880 2008 2284 2089 pauperibus
2303 2034 2325 2077 ‚·
2348 2033 2474 2082 Mat.
2495 2034 2570 2087 19.

155 2116 208 2170 et
245 2106 486 2169 habebis
528 2110 907 2171 thesaurum
949 2112 1022 2172 in
1062 2112 1242 2172 coelis
1262 2134 1280 2171 .·
1331 2118 1397 2173 et
1433 2112 1599 2188 veni,
1626 2132 1884 2194 sequere
1920 2133 2031 2175 me·
2044 2137 2067 2181 ;
2117 2118 2182 2173 et
2219 2112 2331 2174 tali
2347 2098 2430 2145 ²¹·

157 2208 382 2270 oraculo
430 2206 771 2269 confestim
827 2206 913 2269 ad
969 2216 1032 2270 te
1087 2229 1227 2271 esse
1279 2230 1673 2273 conversum.
1763 2212 1995 2294 Itaque
2043 2209 2334 2274 concitus

154 2306 292 2369 redii
316 2308 381 2368 in
406 2328 562 2369 eum·
585 2308 802 2369 locum
840 2307 956 2368 ubi
1001 2306 1264 2372 sedebat
1291 2307 1602 2390 Alypius:
1648 2308 1742 2373 ibi
1783 2311 1953 2373 enim
1993 2329 2333 2394 posueram

158 2410 413 2473 codicem
450 2409 773 2491 Apostoli,
805 2430 952 2471 cum
990 2408 1144 2471 inde
1183 2432 1598 2473 surrexeram.
1685 2411 1965 2494 Arripui,
1996 2411 2239 2495 aperui,
2269 2419 2334 2473 et

153 2512 263 2591 legi
305 2511 370 2572 in
419 2510 678 2573 silentio
723 2511 1096 2593 capitulum,
1144 2532 1272 2593 quo
1317 2512 1595 2594 primum
1640 2513 1916 2597 conjecti
1964 2522 2115 2576 sunt
2158 2512 2327 2575 oculi

156 2614 296 2676 mei:
337 2615 481 2677 Non
509 2614 590 2674 in
619 2611 1174 2674 comessationibus
1201 2618 1266 2673 et
1291 2611 1730 2691 ebrietatibus,
1757 2634 1885 2675 non
1912 2616 1985 2675 in
2015 2613 2331 2675 eubilibus
2352 2620 2497 2670 Rom.

156 2724 208 2779 et
221 2716 800 2795 impudicitii8,non
830 2717 902 2776 in
934 2716 1335 2777 contentione
1362 2723 1427 2777 et
1455 2718 1893 2778 <emulationes
1943 2717 2056 2778 sed
2072 2716 2329 2779 induite
2355 2686 2433 2801 {3³4}
2462 2690 2534 2735 13.

159 2819 474 2879 Dominum
493 2816 726 2879 Jesum
754 2816 1106 2894 Christum,
1127 2824 1193 2879 et
1210 2819 1428 2878 earnis
1435 2817 1915 2896 providentiam
1938 2838 2019 2879 ne
2026 2818 2332 2899 feceritis

158 2920 217 2978 in
251 2918 768 2997 concupiscentiis
776 2911 810 2976 f.
903 2917 1042 2978 Nec
1081 2918 1248 2979 ultra
1274 2917 1450 2978 volui
1488 2918 1741 2997 legere3
1808 2938 1928 2980 nec
1970 2937 2133 2999 opus
2175 2924 2324 2979 erat.

161 3017 358 3079 Statim
386 3017 628 3099 quippe
670 3038 817 3079 cum
855 3014 984 3078 fine
1023 3014 1295 3099 hujusce
1334 3017 1661 3080 sententiae
1706 3018 1892 3101 quasi
1917 3018 2060 3080 luce
2090 3018 2327 3079 securi-

159 3118 286 3179 tatis
333 3117 540 3180 infusa
599 3115 776 3179 cordi
832 3136 997 3193 me0,
1047 3137 1270 3181 omnes
1329 3116 1746 3180 dubitationis
1804 3118 2079 3179 tenebrae
2138 3116 2326 3179 diffu-

165 3228 373 3301 gerunt.
1912 3292 1919 3299 .

233 3326 322 3383 30.
365 3322 528 3383 Tum
574 3319 905 3403 interjecto
951 3328 1062 3383 aut
1110 3320 1313 3399 digito
1357 3327 1469 3382 aut
1504 3320 1725 3382 nescio
1778 3340 1905 3402 quo
1950 3319 2078 3382 alio
2122 3318 2327 3399 sign0,

162 3422 414 3485 codicem
451 3420 674 3498 clausi,
703 3428 767 3484 et
794 3420 1138 3503 tranquillo
1169 3419 1308 3502 jam
1347 3422 1531 3482 vultu
1570 3420 1852 3485 indicavi
1900 3423 2154 3504 Alypio.
2241 3423 2330 3483 At

161 3525 249 3585 ille
288 3524 432 3607 quid
473 3524 544 3585 in
589 3545 658 3587 se
700 3518 1007 3603 ageretur,
1052 3522 1228 3606 quod
1269 3544 1389 3604 ego
1431 3523 1818 3600 nesciebam,
1864 3522 1955 3587 sic
1998 3523 2325 3587 indicavit.

163 3627 305 3690 Petit
339 3626 546 3689 videre
585 3624 744 3709 quid
779 3625 1114 3705 legissem:
1167 3623 1455 3701 ostendi,
1507 3631 1575 3686 et
1610 3624 1881 3687 attendit
1924 3626 2117 3687 etiam
2158 3626 2327 3687 ultra

165 3750 325 3811 quam
369 3750 486 3810 ego
529 3730 827 3810 legeram,
875 3734 940 3790 et
981 3728 1356 3808 ignorabam
1403 3728 1563 3811 quid
1609 3735 1993 3813 sequeretur.
2084 3729 2324 3810 Seque-

164 3830 322 3891 batur
341 3851 482 3892 vero
506 3853 520 3892 :
569 3830 925 3910 Infirmum
955 3835 1174 3890 autem
1203 3829 1276 3888 in
1284 3828 1438 3907 fide
1464 3828 1736 3907 recipite
1748 3828 1797 3889 ⁹.
1888 3828 2078 3900 Quod
2104 3828 2214 3890 ille
2242 3828 2326 3891 ad
2347 3838 2421 3949 {u
2454 3842 2535 3899 14,

219 4057 240 4085 θ
267 4052 502 4110 Antonius,
537 4051 728 4115 quando
755 4049 864 4099 huic
896 4048 1075 4097 monito
1107 4050 1190 4096 ob·
1255 4054 1399 4096 tatem
1415 4046 1579 4095 salutis
1601 4046 1855 4109 corporalis
1876 4045 2049 4094 valent.
2094 4046 2144 4095 Si
2164 4052 2323 4095 autem

165 4117 419 4191 temperavit,
457 4117 692 4165 decimum
736 4123 971 4171 octavum,
1015 4114 1108 4169 vel,
1139 4119 1193 4160 ut
1257 4111 1318 4159 ad
1346 4112 1606 4175 superfluas
1638 4110 1986 4168 delectationes,
2010 4121 2151 4174 atque
2182 4111 2321 4159 luxu·

167 4194 404 4238 maximum,
451 4180 717 4229 vicesimum
771 4178 943 4243 agebat
996 4191 1188 4225 annum.
1256 4175 1362 4233 rias,
1387 4182 1439 4222 ut
1454 4174 1653 4238 quisque
1671 4174 1721 4221 in
1740 4173 1815 4221 his
1832 4173 2036 4237 gaudeat
2053 4190 2161 4237 quae
2178 4190 2320 4223 earne

169 4243 262 4292 vid.
280 4244 492 4293 Athenas.
520 4244 616 4294 vit.
639 4244 688 4292 S.
715 4241 926 4299 Antonii,
950 4242 991 4303 §.
1013 4242 1061 4294 2,
1086 4242 1130 4289 3.
1253 4240 1399 4303 cupit,
1437 4246 1563 4287 recte
1606 4238 1971 4303 reprehenditur,
2013 4237 2127 4302 quia
2165 4238 2321 4304 provi·

219 4301 239 4339 f
265 4309 392 4365 Quod
429 4323 535 4357 cum
571 4307 638 4355 ait
675 4306 955 4373 ApostoluS,
989 4301 1190 4353 ostendit
1253 4302 1458 4351 dentiam
1495 4301 1648 4351 carnis
1678 4301 1727 4349 in
1768 4302 2159 4367 concupiscentiis
2190 4301 2320 4350 facit.

168 4384 244 4418 non
261 4387 348 4421 esse
365 4372 639 4437 culpandam
663 4371 815 4419 carnis
829 4368 1186 4435 providentiam,
1252 4368 1381 4431 Aug.
1403 4366 1453 4414 in
1483 4382 1591 4431 exp.
1613 4366 1864 4429 quarumd.
1884 4381 2020 4432 prop.
2050 4382 2109 4416 ex
2144 4366 2234 4432 Ep.
2258 4366 2319 4414 ad

169 4436 330 4497 quando
358 4451 414 4486 ea
440 4435 738 4501 providentur
765 4450 874 4498 qu·
896 4432 960 4483 ad
991 4431 1187 4483 necessi·
1256 4430 1392 4479 Rom.
1413 4446 1460 4479 c.
1481 4431 1562 4478 77.
