3042 5059
1069 805 1599 887 INDEX.

1202 1025 1462 1056 -Φ-

734 1189 795 1235 A.

217 1313 432 1362 Abrahae
457 1313 601 1368 sinus,
624 1315 734 1370 148,
753 1321 802 1362 et
823 1329 874 1362 n.

219 1379 539 1427 Abstinentia.
597 1378 710 1426 Non
766 1377 1063 1425 immunditia
1117 1376 1298 1424 obsonii

289 1443 498 1492 timenda
513 1452 603 1501 est,
617 1445 696 1491 sed
709 1442 1002 1491 immunditia
1015 1441 1300 1506 cupiditatiS‚

226 1571 442 1637 Abyssus
486 1571 703 1619 human-*e
747 1571 1029 1620 conscientia
1068 1570 1194 1619 nuda
1233 1579 1306 1618 est

291 1636 445 1684 oculis
469 1637 578 1692 Dei,
608 1638 713 1684 168.

228 1700 506 1750 Academici
529 1717 612 1766 pro
635 1698 866 1764 Scepticis
888 1700 1010 1746 male
1032 1698 1199 1754 habiti,
1223 1700 1304 1755 75,

292 1775 342 1813 et
363 1781 408 1813 n.
437 1767 516 1814 80.

225 1829 446 1878 Accessio
469 1829 629 1877 critica
650 1827 846 1876 medicis
867 1836 1077 1882 vocatur,
1096 1828 1174 1875 83.

229 1897 554 1943 Ausona-rus
575 1891 826 1956 Augustini
856 1892 980 1939 filius
1009 1891 1070 1938 de
1091 1897 1306 1956 peccato,

299 1961 410 2007 154.
446 1959 623 2006 AEtatis
654 1972 779 2004 anne
814 1955 912 2004 fere
951 1973 1030 2004 xv.
1061 1971 1168 2004 cum
1207 1954 1308 2018 ipso

291 2025 575 2088 baptizatur,
596 2023 658 2070 ib.
698 2021 850 2084 Aug0.
876 2020 1053 2068 horrori
1081 2029 1152 2068 est
1181 2018 1311 2066 illius

299 2087 557 2151 ingenium,
581 2088 643 2135 ib.
683 2087 830 2132 Sensa
851 2085 994 2148 ipsius
1021 2093 1131 2132 sunt
1149 2082 1306 2131 omnia

294 2167 404 2216 quae
443 2167 504 2200 ex
543 2150 736 2199 alterius
779 2150 1073 2198 collocutoris
1113 2162 1307 2212 persona

294 2217 559 2264 inseruntur
604 2217 654 2263 in
697 2209 839 2276 Aug¹.
864 2215 945 2262 lib.
991 2217 1047 2262 de
1097 2214 1313 2276 Magistro

294 2281 418 2328 edito
458 2282 622 2327 Romae
657 2295 765 2327 cum
797 2287 915 2328 esset
953 2279 1000 2326 in
1039 2278 1173 2326 annis
1211 2275 1307 2325 xvi.

297 2345 360 2393 ib.
397 2355 680 2409 praematura
701 2353 846 2392 morte
870 2343 1060 2408 rapitur.
1083 2343 1150 2390 ib.

235 2409 505 2458 Adulantes
569 2407 707 2456 amici
773 2416 1070 2473 pervertunt;
1135 2403 1314 2454 inimici

298 2474 534 2538 litigantes
557 2474 830 2536 plerumque
854 2473 1105 2536 corrigunt,
1134 2472 1240 2519 158.

239 2539 494 2603 AEgyptius
515 2537 664 2594 cibus,
694 2539 804 2594 114,
827 2546 872 2584 et
896 2553 942 2586 n.

233 2603 402 2651 AEneis
423 2603 500 2650 cit.
528 2604 606 2656 ll,
638 2605 712 2656 12,
741 2602 818 2656 14,
847 2603 954 2650 127.

234 2669 440 2716 AEneam
477 2667 656 2716 venisse
707 2666 1040 2731 Carthaginem
1096 2680 1192 2714 non
1244 2674 1315 2715 est

298 2748 480 2787 verum,
509 2733 582 2779 12.

233 2796 407 2845 Aerem
424 2795 562 2844 deum
577 2811 675 2843 esse
690 2794 835 2843 eredit
846 2793 1185 2851 Anaximenes,
1203 2794 1311 2844 172.

235 2861 497 2909 AEternitas
537 2860 632 2908 Dei
674 2859 906 2908 aeternitas
946 2873 1129 2921 semper
1167 2867 1312 2916 stans,

298 2928 412 2975 212.
452 2926 702 2973 :Eternum
726 2925 979 2978 internum,
1008 2925 1114 2971 152.

233 2989 468 3039 Affectus.
515 2990 573 3036 In
610 2989 796 3037 Affectu
821 2989 1066 3037 tenebroso
1085 2997 1156 3035 est
1175 2987 1314 3052 longe

297 3071 328 3103 a
352 3055 448 3103 Dei
471 3054 624 3112 vultu,
649 3056 722 3103 15.
748 3055 860 3102 228.

232 3120 446 3183 Agentes
489 3119 536 3166 in
576 3119 714 3166 rebus
753 3118 865 3172 duo,
903 3115 1090 3179 cognita
1125 3113 1319 3162 Antonii

297 3186 411 3241 vita,
435 3185 650 3231 nuntium
675 3183 851 3231 soeculo
874 3184 1129 3237 remittunt,
1161 3181 1266 3228 135.

232 3247 588 3312 Agriculturam
613 3247 742 3296 nefas
761 3263 862 3297 esse
883 3246 1136 3294 censebant
1155 3243 1318 3292 Mani-

301 3313 438 3369 chaei,
465 3313 544 3369 40,
569 3320 618 3359 et
637 3328 686 3360 n.

241 3377 540 3425 Alimentum
559 3377 658 3423 sola
676 3374 836 3423 salutis
857 3389 1000 3423 causa
1023 3372 1318 3429 sumendum,

306 3444 416 3489 189.
477 3441 604 3503 Aug.
643 3455 672 3488 a
703 3441 810 3487 Deo
843 3439 1035 3486 edoctus
1067 3445 1118 3484 ut
1151 3451 1315 3499 quem-

302 3505 559 3553 admodum
601 3504 941 3552 medicamenta
985 3502 1050 3550 sic
1094 3502 1318 3550 alimenta

235 3568 1104 3698 Aligixieffigituesoz‘iseggtiia:iii-Victima
1124 3629 1318 3685 Sancta,

309 3699 417 3748 167.
464 3699 542 3746 Ad
564 3699 609 3746 id
623 3697 724 3744 fieri
748 3697 1017 3744 memoriam
1043 3695 1114 3742 sui
1134 3694 1314 3742 deside·

304 3771 379 3810 rat
402 3763 632 3811 Monuica
655 3763 702 3810 in
723 3761 960 3815 extremis.
989 3761 1096 3808 163.

237 3827 483 3877 Annus
507 3828 741 3890 Thagaste
762 3826 1003 3877 oriundus.
1019 3825 1098 3872 91.
1140 3822 1318 3870 Paren-

305 3892 432 3940 tibus
486 3891 762 3957 primatibus
817 3887 1200 3953 municipalibus,
1252 3887 1316 3935 ib.

307 3957 444 4005 Natu
497 3956 648 4004 minor
705 3958 857 4018 Augo.
914 3955 980 4002 ib.
1051 3954 1095 4000 A
1146 3951 1324 3999 minore

308 4030 448 4070 aetate
488 4037 704 4085 magnam
752 4019 930 4067 virtutis
988 4017 1190 4065 indolem
1225 4030 1320 4080 prae

306 4099 358 4134 se
414 4084 607 4143 ferebat,
653 4086 717 4135 ib.
791 4081 1055 4146 Augustino
1098 4079 1321 4128 amicissi-

305 4164 483 4288 33¹5.ss
517 4165 685 4262 8332?
722 4146 1324 4284 .i.¹.¹⁰¹i1'10}3.,⁸i’595⁰‘³¹}i

306 4277 829 4399 Rgssgguca'rhffiffiffn
849 4275 1326 4400 eth-Carggffiggipg

303 4406 588 4472 spectaculis
619 4406 819 4462 deditus,
852 4407 916 4455 ib.
969 4419 999 4452 a
1033 4402 1325 4452 Circensium

307 4471 494 4519 insania
522 4479 764 4520 revocatur
792 4468 1118 4535 objurgatione
1136 4469 1324 4531 Augus-

307 4535 413 4592 tini,
437 4538 517 4585 92.
557 4546 609 4585 ut
631 4536 704 4584 sur
723 4533 1107 4601 apprehenditur,
1129 4533 1213 4581 94.
1241 4532 1326 4581 sed

1429 1198 1537 1230 mox
1591 1182 1832 1241 liberatur,
1888 1184 1968 1232 95.
2061 1182 2439 1233 Manichaeomm

1427 1248 1753 1312 superstitione
1801 1263 1909 1295 cum
1964 1247 2117 1312 Augo.
2176 1248 2442 1305 involvitur,

1426 1315 1505 1362 92.
1580 1317 1780 1361 Romam
1808 1313 1935 1360 venit
1968 1322 2076 1362 ante
2108 1313 2234 1376 Aug.
2281 1324 2333 1361 ut
2360 1314 2443 1379 jus

1425 1376 1596 1435 discat,
1646 1379 1727 1426 93.
1810 1377 2103 1441 Spectaculis
2159 1377 2445 1440 gladiatoriis

1427 1441 1614 1490 incaute
1685 1441 1884 1506 capitur,
1938 1442 2003 1490 ib.
2113 1442 2443 1491 Mediolanum

1431 1522 1541 1554 cum
1587 1508 1739 1569 Augo.
1774 1506 2094 1568 proficiscitur,
2128 1509 2207 1556 65.
2278 1508 2445 1556 Asses-

1432 1572 1552 1619 soris
1604 1587 1794 1619 munere
1848 1571 2032 1618 tertium
2101 1570 2322 1635 fungitur,
2373 1571 2439 1622 ib.

1439 1637 1545 1684 133.
1612 1636 1742 1683 Dum
1766 1636 1935 1682 assidet
1956 1635 2128 1683 Comiti
2148 1635 2445 1699 largitionum

1435 1699 1805 1756 Italicianarum,
1829 1699 1931 1762 ejus
1963 1699 2199 1761 integritas
2218 1715 2247 1748 a
2342 1709 2448 1749 ten·

1434 1765 1609 1812 tissime
1641 1773 1853 1812 senatore
1885 1773 1935 1811 et
1966 1764 2283 1829 pollicitationi
2318 1781 2373 1812 us
2400 1773 2449 1814 et

1433 1828 1574 1876 minis
1625 1837 1845 1884 tentatur,
1887 1828 1951 1878 ib.
2041 1829 2448 1878 continentissime

1435 1893 1570 1949 vivit,
1594 1894 1674 1941 98.
1753 1894 1920 1956 Augm.
1955 1893 2014 1940 ab
2048 1909 2190 1941 uxore
2224 1895 2447 1942 ducenda

1436 1957 1668 2022 prohibet,
1705 1972 1799 2020 quo
1836 1957 1976 2006 simul
2016 1957 2257 2022 sapientiae
2303 1957 2449 2006 libere

1436 2030 1623 2076 vacent.
1662 2021 1727 2071 ib.
1821 2022 2051 2086 Disputat
2106 2037 2213 2070 cum
2248 2022 2347 2086 ipso
2389 2022 2450 2071 de

1435 2086 1607 2134 finibus
1661 2086 1888 2134 bonorum
1938 2095 1986 2134 et
2034 2086 2285 2142 malorum,
2336 2088 2443 2135 101.

1440 2150 1584 2199 Putat
1616 2150 1743 2198 credi
1774 2165 1803 2197 a
1837 2150 2097 2199 Catholicis
2134 2166 2229 2197 non
2267 2164 2367 2197 esse
2400 2151 2450 2198 iu

1440 2215 1628 2263 Christo
1667 2215 1869 2262 animam
1907 2224 1955 2263 et
1992 2222 2195 2262 mentem
2237 2213 2453 2271 hominis,

1441 2279 1641 2341 ideoque
1674 2278 1735 2325 ad
1766 2278 1907 2326 fidem
1941 2279 2068 2343 pigre
2094 2287 2337 2326 movetur:
2384 2282 2454 2328 At

1440 2353 1602 2408 postea
1656 2358 1857 2390 errorem
1910 2343 2035 2392 huuc
2095 2342 2453 2406 Apollinarista-

1441 2424 1545 2455 rum
1578 2423 1681 2456 esse
1724 2407 2001 2471 intelligens,
2042 2407 2299 2456 Catholicae
2344 2407 2454 2457 fidei

1441 2480 1819 2536 contemperatus
1870 2479 1960 2527 est,
2010 2474 2117 2520 121.
2195 2467 2344 2535 Aug¹.
2392 2474 2453 2522 ad

1440 2537 1601 2584 Deum
1645 2535 1853 2585 conversi
1893 2536 2123 2600 proposito
2174 2536 2298 2584 bono
2354 2551 2457 2585 sese

1441 2600 1667 2662 adjungit,
1712 2600 1818 2649 144.
1900 2601 2087 2648 Secedit
2126 2615 2233 2648 cnm
2276 2600 2362 2648 illo
2406 2601 2458 2649 in

1440 2663 1993 2787 ἒὲῗὲωεῶἓίἲῗέἓξὲῗ
2001 2664 2460 2778 ’1⁵53‘¹²‘1³l¹1¹.².'¹¹22::

1443 2809 1500 2842 eo
1534 2793 1743 2858 disputat
1778 2798 1811 2820 ‘⁴
1838 2795 1892 2841 ds
1936 2797 2109 2852 ordine,
2143 2804 2298 2842 contra
2336 2796 2456 2842 Aca-

1441 2858 1661 2906 demia-0³⁹³
1692 2865 1742 2906 et
1792 2861 1847 2906 ds
1894 2861 1989 2906 vita
2037 2860 2181 2912 beata.
2242 2859 2352 2914 149,
2404 2875 2453 2908 n.

1443 2923 1619 2972 Christi
1657 2937 1827 2970 nomen
1864 2920 2075 2971 literariis
2106 2922 2199 2972 illis
2236 2923 2457 2972 lucubra-

1442 2987 1647 3036 tionibus
1677 2987 1817 3035 inseri
1852 2987 2146 3051 dedignatur,
2179 2989 2259 3036 sed
2358 2996 2459 3036 stea

1445 3051 1690 3115 resipiscit,
1718 3053 1823 3102 150.
1897 3051 2095 3099 Remeat
2128 3052 2293 3100 Medio
2315 3067 2457 3100 anum

1446 3132 1616 3164 nomen
1646 3117 1767 3164 inter
1798 3116 2105 3178 baptizandos
2132 3133 2240 3164 cum
2266 3118 2459 3180 Augus-

1444 3181 1545 3229 tino
1564 3182 1774 3235 daturus,
1799 3182 1906 3229 154.
1948 3181 2241 3229 Fortissimus
2261 3182 2461 3229 domitor

1445 3261 1669 3309 corporis,
1694 3245 1914 3293 Italicum
1934 3247 2086 3294 solnm
2109 3245 2311 3309 glaciale
2331 3245 2461 3294 nudo

1445 3313 1567 3375 pede
1608 3311 1777 3358 obterit
1818 3309 2005 3358 insolito
2034 3325 2169 3365 ausu,
2191 3309 2256 3360 ib.
2330 3311 2460 3374 Bap-

1448 3375 1636 3432 tizatur,
1680 3375 1744 3423 ib.
1824 3375 1899 3421 Fit
1952 3376 2141 3424 tandem
2198 3374 2461 3440 Episcopus

1443 3437 1792 3502 Thagastensis‚
1815 3439 1900 3497 95,
1920 3455 1964 3488 n.

1381 3503 1746 3552 Ambitiosorum
1771 3503 1970 3558 miseria,
1992 3503 2073 3551 90.

1382 3570 1692 3617 Annnosms
1769 3567 2016 3633 episcopus
2094 3563 2464 3613 Mediolanensis

1447 3631 1683 3688 laudatur,
1701 3634 1779 3681 79.
1830 3632 2101 3681 Coelibatus
2119 3629 2237 3692 ejus.
2260 3645 2464 3694 occupa-

1445 3699 1595 3746 tiones
1644 3705 1691 3745 et
1734 3697 1907 3749 studia.
1934 3697 2015 3753 84,
2038 3698 2115 3744 85.
2200 3693 2347 3742 Omni
2389 3694 2464 3742 die

1448 3763 1700 3810 Dominica
1716 3762 1907 3809 verbum
1931 3761 2027 3808 Dei
2045 3767 2211 3806 tractat
2232 3760 2291 3806 ad
2316 3774 2465 3823 popu-

1448 3826 1570 3883 lum,
1595 3829 1673 3875 85.
1722 3826 1800 3873 Ad
1823 3825 1989 3885 veteris
2023 3824 2159 3887 Legis
2190 3823 2465 3886 interpreta-

1452 3891 1627 3938 tionem
1677 3891 1812 3952 quasi
1856 3890 2066 3951 regulam
2112 3888 2463 3940 commendans.

1450 3970 1577 4018 saepe
1643 3954 1760 4001 inter
1822 3953 2191 4000 concionandum
2260 3951 2463 4007 dicebat,

1450 4023 1486 4048 ‘⁸
1515 4019 1689 4065 Littera
1723 4017 1908 4072 occidit,
1934 4016 2131 4080 Spiritus
2164 4023 2320 4062 autem
2352 4015 2466 4062 vivi-

1449 4082 1615 4139 ficat,'’
1662 4082 1741 4131 86.
1804 4081 2019 4140 Benigne
2074 4079 2249 4138 excipit
2297 4080 2465 4142 Augm.

1453 4147 1535 4210 qui
1571 4147 1772 4193 studiose
1812 4146 1967 4209 ipsum
1991 4144 2343 4192 concionantem
2382 4159 2466 4191 au·

1451 4212 1638 4265 dit,79.
1679 4209 1907 4264 Diligitur
1944 4225 1969 4256 a
2008 4209 2237 4256 Monuica
2276 4207 2465 4270 perinde

1451 4285 1594 4340 atque
1631 4275 1841 4336 Angelus
1882 4273 1994 4328 Dei,
2035 4274 2113 4320 83.
2169 4274 2322 4334 Ang⁰.
2354 4288 2467 4320 con·

1454 4340 1629 4389 snlenti
1685 4338 1801 4404 quid
1857 4338 2141 4404 potissimum
2188 4337 2249 4384 de
2311 4335 2469 4402 Scrip-

1457 4405 1571 4454 turis
1598 4405 1752 4470 legere
1786 4404 1971 4458 debeat,
1994 4418 2088 4466 quo
2121 4416 2221 4450 sese
2254 4403 2316 4449 ad
2348 4401 2467 4466 bap-

1453 4471 1642 4518 tismum
1684 4475 1939 4533 comparet,
1980 4467 2151 4516 Isaiam
2195 4465 2468 4542 praescribit,

1461 4537 1567 4583 153.
1616 4532 1989 4583 Pei-secutionem
2024 4547 2053 4580 a
2084 4531 2114 4581 J
2119 4541 2271 4580 ustina
2295 4529 2471 4582 Valen-

1311 4623 1425 4678 ΧΩ
