3042 5059
681 372 1402 439 CONFESSIONUM
1447 374 1735 441 LIBER
1782 378 1910 442 III.
2320 383 2403 445 38

169 526 386 613 ‘opera
427 537 562 607 tua,
594 550 728 591 non
770 539 862 605 tu,
903 551 1026 593 nec
1069 530 1216 613 ipsa
1254 532 1478 614 prima.
1570 533 1791 596 Priora
1832 535 2005 598 enim
2048 537 2405 620 spiritualia

183 654 386 715 opera
432 642 564 709 tua,
609 654 803 716 quam
845 632 974 695 ista
1021 654 1347 718 corporea,
1383 636 1678 719 quamvis
1722 636 1942 701 lucida
1984 646 2049 701 et
2094 641 2397 704 coelestia.

181 736 271 797 At
315 756 438 816 ego
479 756 601 798 nec
643 735 858 817 priora
897 734 1031 814 illa,
1067 735 1182 799 sed
1223 736 1518 819 teipsam,
1554 746 1639 813 te,
1678 738 1951 815 Veritas,
1985 739 2053 801 in
2099 763 2229 825 qua
2270 764 2398 805 non
2416 757 2526 807 Jac.
2550 761 2598 815 1.
2618 738 2649 760 ⁴

179 848 280 901 est
351 842 768 902 commutatio
839 861 956 903 uec
1027 842 1335 903 momenti
1411 838 1832 917 obumbratio,
1906 844 2263 907 esuriebam
2336 852 2401 908 et
2424 823 2498 872 ¹⁷·

179 940 481 1004 sitiebam
513 963 531 1015 ;
604 948 670 1004 et
733 942 1222 1023 apponebantur
1291 940 1502 1005 adhuc
1572 942 1735 1004 mihi
1803 944 1873 1005 in
1942 944 2072 1007 illis
2140 943 2399 1009 ferquis

175 1043 634 1125 phantasmata
676 1032 1035 1124 splendida,
1066 1042 1302 1125 quibus
1334 1042 1472 1126 jam
1515 1044 1745 1106 melius
1784 1051 1918 1107 erat
1956 1065 2167 1109 amare
2200 1046 2397 1108 istum

177 1146 406 1220 solem,
465 1145 691 1207 saltem
747 1144 894 1207 istis
961 1144 1168 1207 oculis
1237 1148 1476 1220 verum,
1539 1164 1731 1227 quam
1788 1145 1901 1208 illa
1954 1146 2116 1210 falsa
2182 1148 2395 1211 animo

177 1247 456 1331 decepto
504 1268 621 1330 per
669 1248 910 1310 oculos,
998 1248 1093 1309 Et
1139 1255 1375 1328 tamen,
1425 1248 1581 1332 quia
1627 1255 1689 1311 te
1746 1250 2074 1331 putabam,
2126 1251 2394 1314 mandu-
2442 1264 2455 1277 ·

175 1349 446 1425 cabam3
509 1368 641 1409 non
687 1344 905 1411 avide‘
951 1348 1232 1430 quidem,
1278 1348 1432 1432 quia
1470 1370 1590 1413 nec
1630 1349 1927 1431 sapiebas
1976 1349 2047 1412 in
2092 1372 2199 1413 ore
2248 1373 2392 1415 meo

177 1450 370 1514 sicuti
420 1471 532 1527 es;
603 1471 815 1533 neque
874 1449 1045 1511 enim
1096 1457 1169 1511 tu
1217 1471 1357 1513 eras
1407 1450 1717 1531 figmenta
1763 1451 1875 1513 illa
1934 1451 2197 1529 inania3
2268 1474 2389 1517 nec

171 1551 504 1614 nutriebar
533 1552 650 1627 eiS‚
679 1551 796 1613 sed
821 1550 1248 1614 exhauriebar
1273 1551 1496 1632 magis·
1588 1552 1792 1616 Cibus
1818 1552 1887 1614 in
1918 1553 2157 1615 somnis
2188 1554 2387 1617 simil-

172 1653 366 1714 limus
395 1661 496 1715 est
516 1651 680 1715 cibis
696 1651 1118 1733 vigilantium,
1139 1672 1267 1734 quo
1289 1660 1504 1715 tamen
1527 1652 1909 1717 dormientes
1935 1675 2069 1717 non
2100 1656 2386 1733 aluntur;

174 1751 502 1815 dormiunt
529 1753 735 1815 enim:
783 1760 848 1815 at
872 1751 988 1814 illa
1013 1772 1134 1815 nec
1165 1751 1400 1815 similia
1441 1762 1621 1815 erant
1655 1755 1789 1815 ullo
1827 1754 2020 1817 modo
2050 1754 2191 1831 tibi,
2222 1755 2390 1819 sicut

171 1876 346 1917 nunc
387 1852 552 1916 mihi
588 1854 810 1917 locuta
836 1874 945 1941 ‘es3
992 1851 1146 1936 quia
1169 1852 1284 1916 illa
1313 1860 1493 1916 erant
1522 1855 1876 1936 corporalia
1916 1844 2386 1937 phantasmata,

168 1957 332 2019 falsa
353 1976 644 2039 corpora,
667 1954 902 2037 quibus
932 1954 1200 2017 certiora
1229 1962 1377 2016 sunt
1402 1976 1555 2017 vera
1582 1976 1850 2039 corpora
1876 1957 2001 2020 ista
2032 1978 2177 2041 quae
2206 1957 2382 2021 vide-

165 2079 312 2121 mus
339 2058 490 2120 visu
519 2076 770 2133 carneo,
800 2055 932 2119 sive
961 2055 1248 2119 coelestia
1277 2054 1411 2118 sive
1441 2057 1788 2121 terrestria:
1838 2078 1983 2121 cum
2020 2058 2382 2141 pecudibus

165 2167 230 2222 et
258 2158 638 2223 volatilibus
678 2156 964 2219 videmus
1004 2157 1179 2232 haec;
1225 2165 1290 2219 et
1317 2156 1585 2221 certiora
1612 2165 1780 2236 sunt,
1802 2180 1997 2242 quam
2036 2181 2182 2223 cum
2221 2159 2377 2225 ima·

164 2261 466 2343 ginamur
492 2282 586 2322 ea.
673 2260 766 2322 Et
791 2279 1005 2321 rursus
1045 2258 1278 2322 certius
1315 2258 1740 2340 imaginamur
1780 2282 1879 2337 ea,
1920 2282 2115 2345 quam
2159 2283 2245 2324 ex
2285 2263 2379 2325 eis

162 2362 570 2445 suspicamur
597 2360 724 2423 alia
752 2358 1109 2441 grandiora,
1139 2367 1205 2423 et
1231 2359 1504 2438 infinita,
1537 2381 1681 2444 quae
1712 2362 1971 2425 omnino
1999 2364 2179 2426 nulla
2208 2371 2378 2441 sunt,

162 2464 470 2547 qualibus
499 2483 622 2543 ego
650 2469 803 2523 tunc
831 2463 1143 2544 pascebar
1162 2461 1494 2537 inanibus3
1542 2470 1608 2525 et
1626 2482 1757 2524 non
1777 2465 2104 2545 pascebar.
2181 2467 2267 2528 At
2286 2474 2377 2543 tu,

161 2586 345 2628 amor
371 2586 575 2641 meuS,
603 2563 673 2625 in
703 2584 896 2647 quem
927 2561 1159 2625 deficio
1187 2573 1261 2625 ut
1285 2562 1464 2625 fortis
1503 2564 1646 2641 sim,
1676 2585 1797 2627 nec
1835 2564 1961 2627 ista
2000 2586 2267 2647 corpora
2308 2586 2377 2628 es

162 2686 310 2749 quae
349 2665 664 2741 videmUS‚
705 2685 1075 2748 quanquam
1103 2664 1174 2725 in
1203 2666 1407 2741 coe103
1451 2685 1573 2729 nec
1618 2686 1695 2728 ea
1733 2687 1802 2728 es
1850 2687 1995 2749 quae
2032 2687 2164 2728 non
2198 2665 2373 2730 vide-

159 2789 306 2830 mus
333 2768 453 2846 ibi,
485 2766 636 2850 quia
665 2774 736 2829 tu
762 2765 888 2828 ista
926 2763 1293 2841 condidisti,
1321 2784 1441 2827 nec
1479 2764 1551 2827 in
1592 2764 1853 2829 summis
1892 2765 2021 2829 tuis
2060 2766 2373 2831 conditio-

157 2871 354 2934 nibus
393 2866 658 2933 habes*.
749 2868 1004 2939 Quanto
1047 2886 1196 2947 ergo
1233 2867 1425 2947 longe
1465 2887 1535 2929 es
1573 2888 1613 2929 a
1642 2867 2198 2949 phantasmatibus
2244 2868 2374 2932 illis

157 2972 342 3050 meis,
361 2968 920 3054 phantasmatibus
951 2988 1286 3050 corporum
1305 2988 1449 3050 quae
1473 2968 1732 3030 omnino
1754 2990 1885 3031 non
1904 2966 2086 3031 sunt!
2137 2970 2373 3053 quibus

159 3074 462 3137 certiores
502 3080 652 3133 sunt
690 3070 1048 3153 phantasiae
1090 3090 1426 3152 corporum
1465 3090 1682 3131 eorum
1729 3092 1873 3155 quae
1920 3078 2106 3145 sunt;
2177 3079 2240 3133 et
2278 3072 2373 3134 eis

159 3175 432 3238 certiora
472 3194 758 3256 corpora,
791 3193 935 3255 quae
965 3179 1178 3234 tamen
1219 3192 1352 3233 non
1381 3191 1483 3234 es:
1540 3170 1653 3233 sed
1689 3193 1809 3235 nec
1852 3171 2066 3235 anima
2104 3194 2193 3249 eS,
2224 3195 2371 3257 quae

155 3276 292 3339 vita
309 3283 412 3339 est
432 3296 787 3357 corporum.
862 3271 1023 3335 Ideo
1045 3271 1268 3335 melior
1292 3272 1419 3335 vita
1439 3293 1773 3355 corporum
1800 3274 2152 3357 certiorque
2176 3295 2367 3358 quam

156 3398 444 3462 corpora.
523 3376 655 3440 Sed
676 3384 747 3439 tu
766 3375 900 3439 vita
927 3396 998 3438 es
1028 3374 1400 3453 animarum,
1421 3374 1557 3438 vita
1575 3376 1865 3453 vitarum,
1888 3376 2109 3457 vivens
2125 3378 2369 3461 teipsa,

155 3488 220 3543 et
247 3502 383 3543 non
411 3480 696 3558 mutariS,
723 3480 856 3541 vita
884 3478 1114 3541 animae
1143 3498 1321 3540 meae.

153 3612 308 3665 dibus,
330 3612 476 3659 reddi.
545 3613 679 3669 Quas
699 3610 856 3659 itidem
880 3626 1023 3659 naves
1041 3611 1099 3659 de
1121 3610 1233 3658 sub·
1297 3608 1497 3664 refundi,
1520 3608 1649 3657 velut
1670 3610 1719 3657 in
1752 3608 1894 3657 aliam
1930 3624 2113 3659 navem.
2167 3610 2261 3673 Ep.
2284 3612 2366 3659 55.

152 3676 322 3724 stantia
341 3676 437 3724 Dei
471 3692 591 3740 pura
624 3675 869 3741 perhibent
901 3675 1236 3723 fabricatas.—
1299 3689 1344 3720 c.
1367 3674 1409 3720 4.
1447 3672 1510 3722 cs.
1542 3674 1680 3722 etiam
1714 3674 1872 3723 locum
1906 3690 1965 3723 ex
1995 3676 2115 3739 Aug.
2139 3689 2182 3723 c.
2210 3676 2367 3723 Faust.

155 3741 316 3789 Naves
337 3750 496 3789 autem
521 3740 642 3793 illas,
667 3740 715 3788 id
737 3747 820 3797 est,
843 3740 938 3788 duo
959 3739 1071 3787 coeli
1092 3738 1232 3786 lumi·
1297 3738 1491 3786 allatum
1515 3756 1561 3804 p.
1592 3739 1671 3791 32,
1694 3746 1789 3786 not.
1815 3738 1864 3786 d.
2148 3758 2153 3767 ·

154 3805 280 3853 naria
313 3805 380 3855 ita
425 3804 731 3869 distinguunt.
775 3812 828 3852 ut
865 3803 1026 3853 lunam
1077 3802 1237 3851 dicant
1365 3803 1390 3839 d
1423 3802 1697 3867 Superstitio
1730 3803 1946 3867 quaedam
1978 3802 2164 3868 puerilis
2196 3818 2271 3851 me
2306 3804 2367 3850 ab

151 3869 320 3917 factam
343 3885 407 3917 ex
430 3870 558 3917 bona
577 3884 718 3933 aqua,
747 3869 890 3917 solem
913 3884 1021 3917 vero
1042 3884 1102 3916 ex
1124 3866 1232 3931 igne
1295 3866 1395 3931 ipsa
1421 3866 1574 3931 (veri)
1600 3866 1889 3932 inquisitione
1910 3868 2186 3923 deterrebat,
2209 3876 2255 3914 et
2286 3866 2367 3913 ubi

148 3934 288 3983 bono.
302 3933 538 3982 c.Haeres.
579 3933 942 3998 Replerilunam
956 3932 1232 3989 dicunt,sic-
1296 3931 1446 3980 factus
1485 3933 1681 3980 erectior
1719 3930 1850 3979 illam
1893 3931 2135 3995 caliginem
2178 3930 2363 3995 dispuli,

149 4006 202 4045 ut
229 3999 440 4064 repletur
468 3998 620 4057 navis,
642 4014 700 4047 ex
734 3998 932 4062 fugitiva
957 3998 1051 4046 Dei
1085 4005 1230 4061 parte,
1295 3995 1500 4061 mihique
1523 3995 1726 4061 persuasi
1756 3996 2032 4044 docentibus
2055 3994 2206 4059 potius
2224 4010 2364 4059 quam

147 4078 286 4126 quam
306 4062 616 4111 commixtam
634 4062 920 4128 principibus
935 4063 1229 4111 tenebrarum
1290 4060 1567 4123 jubentibus
1618 4075 1716 4108 esse
1767 4060 2067 4114 credendum,
2123 4058 2265 4106 incidi
2317 4058 2365 4106 in

145 4136 375 4176 eteorum
405 4127 622 4175 sordibus
655 4126 943 4191 inquinatam
976 4129 1229 4175 credere—
1292 4125 1501 4173 homines
1532 4124 1703 4189 quibus
1733 4124 1817 4172 lux
1850 4124 1935 4172 ista
1967 4138 2074 4187 quat,
2096 4123 2245 4171 oculis
2266 4138 2364 4171 cer-

143 4206 239 4239 non
260 4192 499 4240 dubitant.
557 4192 686 4239 Hinc
711 4208 820 4256 ergo
843 4191 1024 4255 impleri
1043 4192 1226 4244 lunam,
1291 4190 1415 4238 nitur
1435 4190 1552 4237 inter
1572 4204 1754 4237 summa
1775 4197 1821 4236 et
1843 4188 1999 4235 divina
2022 4187 2220 4236 colenda
2236 4187 2361 4235 vide-

143 4272 249 4304 curn
269 4256 440 4304 eadem
465 4271 575 4321 pars
593 4256 688 4304 Dei
710 4256 890 4320 magnis
903 4256 1144 4304 laboribus
1164 4256 1225 4303 ab
1290 4262 1431 4303 retur.
1487 4254 1598 4302 Non
1619 4252 1917 4307 assentiebar,
1938 4252 2016 4299 sed
2040 4251 2263 4315 putabam
2286 4268 2366 4300 eos

141 4320 500 4385 inquinamento
555 4329 738 4384 urgata,
758 4321 816 4368 de
833 4328 928 4369 toto
959 4322 1134 4368 mundo
1156 4327 1226 4367 at·
1290 4334 1511 4383 magnum
1555 4318 1731 4381 aliquid
1774 4326 1925 4379 tegere
1968 4316 2060 4363 illis
2096 4314 2363 4374 involucris,

140 4400 230 4449 que
253 4386 478 4434 omnibus
498 4401 524 4433 c
545 4384 674 4433 oacis
695 4384 874 4449 fugiens
894 4385 1099 4433 redditur
1117 4386 1224 4432 Deo
1288 4385 1415 4448 quod
1445 4394 1598 4432 essent
1618 4382 1871 4445 aliquando
1893 4380 2112 4445 aperturi.
2169 4380 2290 4447 Aug.
2315 4380 2361 4429 in

137 4449 320 4513 lugenti
337 4450 455 4497 dum
476 4450 663 4497 redeat:
689 4449 857 4515 repleri
873 4464 982 4498 vero
997 4464 1081 4511 per
1095 4465 1225 4497 men-
1290 4448 1551 4513 proeloquio
1567 4446 1674 4494 libri
1695 4447 1753 4495 de
1776 4444 1888 4495 vita
1912 4446 2064 4494 beati.

139 4530 236 4562 sem
269 4513 540 4573 dimidium,
573 4522 622 4563 et
652 4514 745 4562 alio
776 4513 967 4563 dimidio
997 4514 1048 4563 iu
1079 4514 1226 4563 solem

1249 4615 1292 4657 D
