3042 5059
736 355 1459 419 CONFESSIONUM
1504 355 1791 418 LIBER
1835 355 1954 418 IX.
2318 356 2442 415 16⁷

216 508 458 572 nobis:
514 509 629 573 sed
669 509 1111 574 tantummodo
1153 511 1522 574 memoriam
1569 510 1669 572 sui
1713 508 1797 574 ad
1840 510 2035 573 altare
2077 517 2260 572 tuum
2303 508 2444 571 fieri

215 607 636 690 desideravit,
683 612 788 675 cui
839 612 1078 674 nullius
1122 612 1249 674 diei
1300 611 1835 694 praetermissione
1886 611 2219 688 servierat3
2269 609 2441 673 unde

217 711 426 774 sciret
470 712 827 796 dispensari
869 712 1195 776 victimam
1247 721 1553 790 sanctam,
1585 732 1718 795 qua
1764 711 2043 774 deletum
2091 717 2185 773 est
2231 712 2440 773 chiro·
2460 721 2567 772 Col.
2588 723 2640 782 2,

211 817 552 894 yraploum
596 814 768 898 quod
807 821 954 876 erat
997 817 1399 877 contrarium
1443 812 1642 890 nobi-3,
1685 834 1817 896 qua
1860 813 2305 892 triumphatus
2346 819 2442 874 est
2464 789 2538 835 ¹⁴·

220 915 435 977 hostis
473 923 856 999 computans
899 913 1140 978 delicta
1175 922 1413 992 nostra,
1444 921 1507 977 et
1549 935 1843 998 quaerens
1874 911 2031 997 qnid
2067 911 2350 996 objiciat,
2379 921 2444 976 et

219 1017 406 1078 nihil
447 1018 778 1079 inveniens
817 1019 888 1078 in
933 1018 1085 1080 ileo*
1128 1016 1196 1079 in
1243 1037 1373 1100 quo
1415 1016 1754 1080 vincimus,
1844 1016 2007 1087 Quis
2052 1015 2113 1077 ei
2151 1014 2444 1077 refimdet
2460 1015 2575 1067 1011-
2601 1019 2683 1076 14,

215 1116 638 1180 innocentem
662 1117 1075 1198 sanguinem?
1123 1118 1285 1190 Quis
1305 1118 1364 1181 ei
1387 1118 1676 1181 restituet
1697 1116 1971 1201 pretium
1995 1138 2124 1200 quo
2146 1137 2267 1178 nos
2290 1116 2444 1179 emit
2458 1081 2539 1133 30.

217 1225 306 1281 ut
339 1240 462 1282 nos
497 1218 739 1282 auferat
767 1217 908 1281 ei*?
985 1217 1089 1281 Ad
1119 1219 1304 1303 cujus
1332 1218 1522 1303 pretii
1551 1218 1753 1282 nostri
1784 1225 2251 1283 sacramentum
2278 1218 2441 1298 liga-

218 1319 326 1381 vit
375 1319 609 1383 ancilla
656 1325 770 1382 tua.
816 1318 1095 1382 animam
1149 1341 1330 1383 suam
1375 1319 1636 1383 vinculo
1686 1318 1860 1382 fidei.
1950 1321 2160 1382 Nemo
2208 1339 2247 1381 a
2294 1339 2441 1401 pro-

219 1421 509 1484 tectione
538 1429 652 1484 tua.
687 1419 1042 1504 disrumpat
1075 1442 1235 1484 eam.
1326 1422 1480 1484 Non
1526 1443 1594 1485 se
1637 1421 2005 1504 interponat
2046 1442 2167 1484 nec
2210 1421 2277 1482 vi
2319 1441 2441 1483 nec

215 1521 488 1585 insidiis
530 1525 625 1586 leo
667 1531 732 1585 et
774 1523 970 1586 draco
990 1545 1010 1584 .·
1077 1544 1290 1608 neque
1334 1525 1507 1587 enim
1549 1523 1968 1607 respondebit
2008 1523 2123 1586 illa
2164 1523 2328 1586 nihil
2374 1544 2441 1586 se
2464 1533 2544 1580 Pz.
2564 1533 2649 1592 90,

219 1621 488 1703 debere,
515 1645 598 1686 ne
645 1624 1061 1687 convincatur
1103 1633 1168 1688 et
1212 1625 1576 1689 obtineatur
1616 1625 1701 1688 ab
1747 1632 2117 1688 accusatore
2163 1624 2399 1688 callido
2422 1647 2441 1701 ;
2466 1599 2541 1648 ¹³·

219 1723 348 1787 sed
387 1724 806 1809 respondebit
848 1723 1114 1788 dimissa
1157 1724 1378 1789 debita
1421 1747 1541 1788 sua
1584 1727 1667 1788 ab
1713 1747 1811 1802 e0,
1840 1725 1945 1788 cui
1988 1747 2177 1789 nemo
2220 1725 2444 1789 reddet

223 1825 408 1909 quod
436 1847 555 1909 pro
583 1826 778 1889 nobis
804 1847 936 1889 non
970 1825 1211 1890 debens
1240 1826 1540 1890 reddidit.

316 1933 422 1990 37.
470 1928 570 1991 Sit
613 1949 765 2009 ergo
809 1929 878 1990 in
921 1950 1085 2011 pace
1134 1951 1283 1992 cum
1330 1930 1487 2008 vir0,
1536 1936 1681 1992 ante
1731 1949 1924 2013 quem
1971 1928 2135 1992 nulli
2184 1937 2250 1991 et
2296 1938 2446 2012 post

221 2050 425 2112 quem
452 2029 613 2092 nulli
651 2037 856 2112 nupta
883 2038 1017 2108 est3
1065 2031 1171 2094 cui
1213 2030 1471 2094 servivit
1493 2032 1805 2113 fructum
1835 2029 1956 2094 tibi
1982 2031 2270 2114 afferens
2296 2051 2443 2094 cum
2465 2039 2583 2088 Luc.
2604 2040 2655 2100 8,

219 2133 606 2208 tolerantia,
622 2139 698 2194 ut
718 2154 864 2195 eum
888 2154 1147 2218 quoque
1169 2135 1518 2198 lucraretur
1546 2133 1687 2196 tibi.
1750 2133 1842 2196 Et
1868 2132 2132 2215 inspira,
2164 2133 2444 2196 Domine
2465 2106 2545 2153 ¹⁵⁰

219 2232 412 2295 Deus
471 2254 651 2296 meus
664 2231 716 2310 ⁴,
761 2235 1006 2318 inspira
1065 2235 1263 2298 servis
1319 2236 1450 2298 tuis
1506 2234 1807 2297 fratribus
1864 2233 2045 2310 meiS‚
2102 2233 2259 2296 filiis
2316 2234 2447 2298 tuis

219 2332 514 2397 dominis
559 2334 742 2412 meiS,
780 2336 1018 2420 quibus
1067 2344 1132 2399 et
1178 2335 1368 2400 corde
1413 2343 1478 2399 et
1515 2356 1675 2398 voce
1722 2343 1789 2398 et
1830 2333 2059 2397 litteris
2106 2336 2335 2414 servi0,
2373 2345 2447 2400 ut

217 2442 550 2519 quotquot
587 2436 730 2500 haec
759 2436 1053 2517 legerint,
1083 2437 1489 2500 meminerint
1532 2435 1617 2499 ad
1660 2436 1859 2498 altare
1902 2443 2083 2498 tuum
2113 2437 2444 2501 Monnicae

213 2535 485 2600 fmnulae
515 2545 644 2600 tuae
656 2545 704 2615 ⁹,
728 2559 874 2601 cum
903 2538 1183 2602 Patricio
1209 2537 1537 2623 quondam
1558 2536 1699 2621 ejus
1722 2536 2016 2622 conjuge,
2035 2558 2153 2620 per
2174 2558 2447 2621 quorum

215 2659 484 2702 carnem
512 2638 932 2703 introduxisti
961 2661 1063 2702 me
1086 2640 1156 2701 in
1184 2641 1352 2703 hanc
1377 2638 1595 2717 vitam,
1621 2636 2181 2722 quemadmodum,
2203 2638 2445 2702 nescio,

217 2738 647 2803 Meminerint
691 2762 840 2804 cum
880 2743 1114 2804 affectu
1154 2741 1268 2824 pio
1308 2749 1647 2824 parentum
1690 2760 1979 2802 meorum
2021 2739 2091 2801 in
2134 2739 2258 2803 hac
2302 2742 2447 2804 luce

217 2840 617 2918 transitoria,
635 2847 702 2903 et
727 2840 990 2904 flatrum
1017 2862 1304 2904 meorum
1335 2842 1455 2905 sub
1475 2849 1539 2904 te
1561 2849 1741 2925 patre
1770 2839 1839 2903 in
1868 2847 2067 2904 matre
2087 2841 2449 2920 Catholica,

219 2947 289 3002 et
323 2940 568 3004 civium
601 2962 886 3004 meorum
919 2942 990 3004 in
1024 2951 1260 3006 aeterna
1287 2942 1669 3018 Jerusalem,
1701 2941 1808 3005 cui
1850 2941 2129 3024 suspirat
2166 2943 2447 3024 peregri-

216 3040 404 3104 natio
441 3044 676 3126 populi
718 3043 815 3106 tui
855 3046 936 3107 ab
979 3042 1162 3107 exitu
1200 3064 1408 3127 usque
1449 3041 1534 3106 ad
1572 3041 1884 3118 reditum3
1936 3051 2011 3105 ut
2052 3042 2227 3128 quod
2266 3065 2305 3106 a
2343 3065 2447 3106 me

216 3145 338 3208 illa
389 3146 696 3228 poposcit
755 3153 1130 3224 extremum,
1181 3145 1442 3208 uberius
1494 3144 1555 3207 ei
1604 3152 1939 3226 praestetur
1984 3143 2054 3206 in
2103 3145 2447 3208 multorum

217 3247 655 3326 orationibuS,
684 3268 804 3331 per
831 3247 1266 3312 confessiones
1280 3244 1333 3324 ⁸⁵,
1365 3267 1559 3330 quam
1586 3267 1704 3329 per
1733 3245 2050 3310 orationes
2077 3267 2271 3310 meas.

288 3497 318 3525 ¹
353 3494 482 3552 Quae
513 3502 584 3542 est
611 3493 796 3560 justitia
821 3511 917 3558 qua
939 3495 1090 3544 victus
1109 3502 1178 3542 est
1207 3493 1308 3543 dia·
1437 3499 1464 3540 Υ
1500 3493 1684 3543 Imitari
1716 3493 1867 3543 visum
1908 3503 1981 3543 est
2010 3501 2215 3544 vetustos
2245 3493 2444 3550 codices,

221 3556 406 3607 bolus‘!
477 3560 620 3616 Quae,
645 3557 732 3608 nisi
746 3559 931 3623 justitia
953 3561 1070 3612 Jesu
1096 3559 1307 3607 Christit
1408 3557 1455 3606 ui
1499 3575 1607 3606 cum
1654 3559 1841 3624 gemina
1880 3558 2037 3608 littera
2082 3577 2144 3607 rm
2178 3558 2446 3624 praeferunt,

225 3621 294 3668 Et
316 3625 556 3685 quomodo
575 3624 726 3672 victus
745 3628 848 3672 est!
902 3625 1030 3683 Quia
1052 3639 1160 3672 cum
1183 3622 1232 3670 in
1252 3639 1309 3671 eo
1432 3627 1607 3672 onnicae
1622 3643 1635 3670 .-
1705 3640 1799 3689 quo
1843 3635 1982 3689 pacto
2038 3625 2180 3672 etiam
2224 3623 2447 3691 scriptum

221 3685 346 3736 nihil
369 3687 566 3751 dignum
587 3697 734 3736 morte
754 3687 1002 3742 inveniret,
1015 3687 1184 3736 occidit
1199 3703 1306 3736 eum
1374 3689 1599 3752 reperitur
1642 3686 1690 3736 in
1734 3689 1957 3743 oratione,
1998 3703 2139 3751 quam
2184 3687 2450 3736 willelmus

222 3758 401 3800 tamen.
446 3753 510 3800 Et
527 3754 691 3816 utique
709 3753 890 3827 justum
909 3763 993 3812 est,
1009 3761 1063 3801 ut
1079 3752 1311 3802 debitores
1377 3753 1542 3810 abbas,
1567 3752 1655 3818 piis
1678 3753 1931 3817 Augustini
1955 3753 2072 3801 votis
2093 3751 2448 3817 obtemperandi

221 3830 342 3878 quos
360 3817 574 3872 tenebat,
589 3818 722 3864 liberi
739 3818 1052 3873 dimittantur,
1067 3817 1314 3866 credentes
1375 3819 1546 3873 studio,
1571 3820 1829 3883 composuit
1848 3819 1935 3866 sub
1966 3817 2036 3865 his
2060 3819 2240 3865 verbis:
2280 3825 2312 3846 “
2342 3817 2446 3864 Me·

219 3879 272 3926 in
317 3895 431 3928 eum
477 3897 618 3945 quem
660 3881 761 3930 sine
799 3882 900 3932 ullo
937 3882 1095 3932 debito
1127 3881 1310 3930 occidit.
1375 3891 1552 3939 mento,
1582 3883 1803 3940 Domine,
1826 3883 1993 3930 animoe
2016 3881 2178 3929 famuli
2198 3881 2265 3928 tui
2294 3879 2448 3928 Patri-

223 3944 334 3991 Hoc
354 3955 426 3994 est
448 3947 574 4007 quod
601 3945 850 4010 justificari
884 3947 1084 3995 dicimur
1118 3946 1167 3993 in
1201 3962 1311 3993 san-
1374 3946 1451 4002 eii,
1474 3955 1521 3995 et
1542 3945 1732 3994 samulae
1757 3955 1851 3994 tuae
1876 3945 2114 3994 Monnicae
2139 3964 2150 4003 ;
2183 3953 2231 3992 et
2260 3942 2300 3992 si
2333 3943 2448 4008 quid

219 4008 368 4071 guine
388 4008 596 4058 Christi:
640 4009 720 4058 Sic
739 4013 910 4076 quippe
927 4011 977 4058 in
995 4010 1310 4060 remissionem
1375 4026 1460 4075 pro
1483 4011 1643 4059 anima
1664 4009 1748 4058 filii
1780 4009 1983 4085 ipsorum
2020 4008 2199 4056 domini
2230 4009 2321 4056 mei
2343 4009 2447 4056 Au-

221 4083 532 4146 peccatorum
575 4083 832 4124 nostrorum
866 4075 1090 4126 innocens
1123 4075 1313 4135 sanguis
1377 4075 1568 4138 gustini,
1591 4074 1877 4123 dilectissimi
1909 4073 2182 4122 confessoris
2216 4073 2303 4128 tui,
2328 4072 2447 4120 mihi

222 4136 305 4184 ille
324 4138 504 4187 effusus
537 4147 624 4186 est.
693 4140 836 4188 Unde
869 4155 918 4188 se
949 4140 1080 4196 dicit,
1101 4139 1147 4188 in
1177 4139 1311 4187 Psal-
1376 4139 1544 4187 misero
1585 4139 1817 4204 peccatori
1852 4139 1959 4187 licet
1993 4139 2065 4186 vel
2100 4137 2262 4185 intimo
2296 4136 2448 4185 cordis

223 4201 332 4259 mis,
351 4210 392 4234 ···
418 4204 466 4250 in
489 4203 685 4251 mortuis
709 4204 966 4253 liberum.·’
1025 4205 1164 4253 Solus
1186 4203 1307 4251 enim
1373 4203 1549 4252 affectu
1608 4202 1886 4260 desiderare,
1929 4203 2056 4251 etc-⁰
2124 4204 2247 4260 Quae
2300 4201 2446 4250 oratio

224 4279 255 4314 a
280 4266 441 4316 debito
474 4268 634 4316 mortis
667 4267 785 4317 liber
817 4278 888 4318 est
911 4279 1138 4320 mortuus.
1183 4268 1314 4334 Aug.
1374 4268 1559 4333 integra
1580 4266 1781 4316 habetur
1800 4267 1848 4315 in
1862 4269 2087 4318 Veterum
2108 4267 2445 4317 Analectomm

223 4329 286 4379 de
307 4331 449 4382 Trin.
465 4331 502 4382 1.
527 4331 625 4382 xiii.
643 4348 688 4381 c.
717 4335 791 4380 14.
1377 4342 1503 4381 tomo
1522 4331 1687 4398 primo.
1722 4330 1825 4393 [ed.
1851 4331 1998 4396 Bem]
