3042 5059
621 443 749 500 268
1183 437 1250 499 S.
1298 435 1817 500 AUGUSTINI
1862 429 2285 498 EPISCOPI

417 601 591 650 xxu.
715 596 820 656 32.
865 591 1046 656 Ecce
1085 591 1282 668 enim,
1315 591 1596 656 Domine
1638 591 1823 656 Deus
1862 596 2103 664 noster,
2136 590 2385 650 creator
2418 589 2671 656 noster,
2710 597 2867 641 cum

387 667 611 779 {3:⁶12}-
627 692 932 758 eohibitae
961 691 1199 756 fuerint
1225 694 1602 758 affectiones
1632 693 1714 758 ab
1740 711 1960 756 amore
1988 689 2229 766 saculi,
2256 685 2499 769 quibus
2526 679 2865 746 morieba-

384 797 558 907 ἶῑωξω
627 815 772 858 mur
795 793 962 857 male
993 792 1289 872 vivendo,
1318 802 1385 858 et
1411 794 1683 878 coeperit
1702 813 1841 857 esse
1861 794 2091 856 anima
2118 791 2335 852 vivens
2358 787 2533 848 bene
2552 779 2867 856 vivendo,

385 875 602 972 affluo-:⁸
629 896 1150 978 completumque
1171 894 1362 959 fuerit
1381 896 1646 959 verbum
1678 903 1879 971 tuum,
1902 891 2080 978 quod
2105 911 2224 976 per
2249 886 2644 973 Apostolum
2670 891 2865 946 tuum

381 991 536 1102 ἔξω·
632 994 877 1073 dixisti,
916 998 1140 1060 Nolite
1175 998 1575 1079 conformari
1613 999 1768 1060 kuic
1804 996 2029 1060 mulo
2040 1020 2064 1064 ,·
2119 988 2543 1074 consequitur
2580 993 2650 1049 et
2686 981 2863 1047 illud

391 1067 612 1166 Riiaova·
632 1095 808 1181 quod
835 1095 1194 1181 adjunxisti
1215 1096 1430 1162 statim
1461 1105 1529 1162 et
1556 1096 1804 1174 dixisti,
1830 1097 1962 1160 Sed
1981 1092 2436 1178 reformamini
2462 1091 2540 1151 in
2570 1088 2868 1150 novitate

390 1182 457 1296 ἐξ
480 1197 609 1231 '¹¹⁶⁰‘
626 1200 863 1262 mentis
889 1204 1152 1262 vestrm:
1203 1218 1336 1261 non
1373 1198 1510 1284 jam
1544 1197 1897 1261 sec-midam
1922 1217 2147 1277 yenns,
2176 1202 2486 1276 tanquam
2530 1188 2865 1252 imitantes

453 1282 466 1296 ⁹
629 1296 1104 1382 praecedentem
1141 1297 1537 1383 proximum,
1566 1298 1672 1364 et*
1708 1319 1795 1362 ex
1836 1297 2118 1362 hominis
2154 1293 2439 1359 melioris
2474 1289 2867 1356 auctoritate

630 1399 942 1478 viventes,
975 1397 1209 1485 (neque
1238 1399 1410 1463 enim
1440 1399 1689 1476 dixisti,
1710 1401 1750 1433 “
1783 1399 1931 1464 Fiat
1956 1400 2152 1463 homo
2190 1396 2545 1461 secundum
2576 1414 2793 1476 genus
2809 1392 2867 1469 ;”

394 1523 521 1570 Gen.
551 1521 594 1576 ι,
633 1503 768 1580 sed,
796 1503 1148 1566 Faciamus
1186 1505 1507 1567 hominem
1551 1502 1644 1566 ad
1675 1504 2029 1584 imayinem
2070 1509 2136 1564 et
2174 1498 2680 1563 similitudinem
2718 1515 2867 1557 nos-

391 1587 476 1635 26.
638 1612 810 1668 tram
828 1630 852 1673 ;
903 1611 976 1667 ut
1001 1625 1125 1667 nos
1141 1603 1492 1686 probemus
1534 1625 1672 1689 quoe
1712 1605 1801 1667 sit
1838 1606 2135 1668 voluntas
2164 1610 2295 1666 tua.
2383 1597 2491 1663 Ad
2518 1599 2652 1660 hoc
2684 1596 2863 1660 enim

400 1724 560 1772 leot.
575 1723 624 1782 4,
637 1704 1040 1785 dispensator
1085 1702 1193 1767 ille
1263 1713 1412 1768 tuus
1475 1724 1797 1785 yenerans
1843 1724 1969 1785 per
2026 1703 2461 1783 Evanyelium
2500 1700 2721 1780 filios,
2778 1718 2866 1759 ne

405 1789 481 1837 ¹⁵·
641 1825 892 1889 semper
950 1806 1252 1889 parvulos
1309 1807 1574 1868 haberet
1632 1825 1797 1889 quos
1863 1805 2033 1869 lacte
2086 1802 2376 1880 nutriret,
2428 1810 2493 1864 et
2551 1808 2869 1882 tanquam

396 1871 623 1994 &pt-neu.
639 1906 860 1970 nutrix
903 1907 1177 1971 foveret:
1225 1907 1725 1991 Reformamini,
1752 1905 1989 1990 inquit,
2016 1907 2090 1968 in
2132 1907 2419 1968 novitate
2449 1903 2691 1964 mentis
2736 1921 2871 1962 ves-

401 2001 546 2114 {gomi
641 2016 777 2085 troe,
805 2009 898 2070 ad
914 2009 1328 2091 probandum
1357 2005 1501 2072 vos‘
1528 2028 1671 2092 qnoe
1698 2011 1787 2072 sit
1816 2011 2115 2072 voluntas
2142 2010 2297 2084 Dei,
2326 2006 2499 2091 quod
2532 2003 2775 2067 bonam
2804 2010 2871 2065 et

470 2097 485 2120 '
542 2096 555 2109 ’
639 2108 1113 2190 beneplacitum
1144 2119 1212 2174 et
1235 2111 1621 2193 perfectum.
1715 2109 2003 2195 Ideoque
2046 2131 2177 2172 non
2221 2109 2405 2188 dicis,
2436 2107 2583 2170 Fiat
2621 2107 2871 2180 hom03

641 2209 778 2288 sed,
808 2211 1162 2274 Faciamus
1199 2213 1542 2274 hominem.
1634 2212 1776 2274 Nec
1818 2210 2003 2288 dicis,
2034 2211 2401 2275 Secundum
2436 2230 2678 2289 genus3
2728 2205 2871 2281 sed,

643 2311 747 2374 Ad
775 2313 1128 2394 imaqinem
1171 2321 1236 2374 et
1273 2311 1771 2375 similitudinem
1812 2320 2118 2376 nostram.
2211 2313 2437 2374 Mente
2480 2309 2729 2393 quippe
2769 2329 2871 2370 re-

641 2422 938 2490 novatuS,
979 2420 1044 2476 et
1093 2411 1502 2495 conspiciens
1546 2411 1939 2476 intellectam
1971 2411 2301 2476 veritatem
2354 2419 2553 2486 tuam,
2595 2408 2869 2472 homine

403 2535 505 2584 ser.
525 2535 610 2593 31,
643 2514 1154 2578 demonstratore
1195 2534 1328 2576 non
1371 2512 1644 2594 indiget,
1683 2521 1758 2575 ut
1800 2535 1986 2576 suum
2032 2533 2234 2594 genus
2276 2513 2560 2576 imitetur
2576 2535 2595 2589 3
2652 2510 2773 2574 sed
2807 2521 2871 2574 te

403 2599 625 2722 ξῗῇἶῗὴ·
641 2615 1122 2680 demonstrante
1153 2614 1390 2695 probat
1431 2615 1577 2698 ipse
1616 2635 1755 2698 quoe
1790 2617 1879 2678 sit
1919 2617 2215 2678 voluntas
2254 2623 2385 2692 tua,
2416 2614 2589 2698 quod
2632 2613 2871 2675 bonum

643 2727 708 2782 et
737 2718 1210 2798 beneplacitum
1260 2725 1326 2780 et
1366 2719 1739 2800 perfectum
1760 2741 1780 2779 .·
1833 2727 1901 2782 et
1928 2717 2124 2782 doces
2166 2714 2353 2780 eum‘
2378 2715 2519 2800 jam
2554 2737 2872 2800 capacem

645 2818 862 2882 videre
891 2818 1273 2882 Trinitatem
1311 2819 1599 2894 unitatiS,
1630 2828 1697 2883 et
1738 2807 2047 2883 unitatem
2087 2818 2421 2882 Trinitatis
2433 2824 2475 2880 ¹¹.
2569 2817 2871 2901 Ideoque

645 2920 979 3004 pluraliter
1005 2919 1202 2997 dicto,
1233 2920 1585 2982 Faciamus
1614 2922 1958 2996 hominem,
1990 2921 2393 3002 singulariter
2422 2927 2638 2983 tamen
2676 2920 2875 2983 infer—

407 3044 537 3092 Gen.
564 3045 612 3099 1,
650 3029 772 3099 tux,
803 3022 1084 3104 Etfeeit
1113 3023 1297 3084 Deus
1323 3021 1643 3083 hominem
1658 3041 1683 3093 ;
1730 3028 1795 3083 et
1822 3019 2155 3104 pluraliter
2175 3019 2373 3099 dicto,
2390 3022 2875 3103 Adimaqinem

407 3108 490 3156 ²⁷·
651 3130 963 3199 nostram,
1007 3121 1416 3203 singulariter
1450 3121 1737 3198 infertur,
1771 3121 1863 3184 ad
1895 3123 2245 3202 imaqinem
2288 3125 2436 3186 Dei.
2527 3125 2632 3186 Ita
2674 3123 2879 3184 homo

411 3246 520 3294 Col.
541 3247 592 3300 3,
651 3232 1001 3287 renovatur
1043 3225 1117 3286 in
1160 3224 1494 3304 aynitione
1547 3224 1700 3304 Dei,
1738 3223 2091 3288 secundum
2143 3225 2493 3304 imayinem
2554 3224 2697 3308 ejus
2757 3226 2879 3307 qai

414 3311 581 3422 {obm-
651 3330 895 3392 creavit
922 3349 1069 3391 eum
1089 3351 1108 3388 .·
1162 3335 1226 3392 et
1241 3328 1611 3408 spiritualis
1632 3329 1899 3391 effectus
1909 3326 2183 3410 judicat
2202 3330 2444 3402 omnia,
2470 3350 2617 3412 quae
2646 3326 2879 3410 utique

409 3440 462 3493 2,
491 3439 562 3486 15.
639 3428 1000 3513 judicanda
1029 3438 1218 3504 sunt;
1265 3431 1398 3510 ipse
1423 3437 1647 3492 autem
1676 3449 1720 3490 a
1748 3429 2005 3490 nemine
2017 3428 2392 3511 judicatur.

433 3547 638 3596 xxllt.
745 3534 849 3592 33.
899 3527 1092 3600 Quod
1132 3537 1344 3596 autem
1371 3529 1645 3612 judicat
1683 3531 1923 3604 omnia,
1960 3529 2087 3591 hoc
2140 3537 2238 3592 est
2280 3530 2457 3615 quod
2498 3530 2693 3593 habet
2724 3537 2881 3610 pot-

412 3612 528 3724 (¹¹25
533 3627 638 3724 ξὲζζ
650 3638 922 3694 estatem
945 3633 1230 3711 piscium
1253 3632 1480 3709 maris,
1499 3639 1566 3694 et
1586 3633 1947 3694 volatilium
1976 3634 2148 3710 coeli,
2168 3641 2235 3697 et
2264 3633 2550 3696 omnium
2564 3655 2881 3715 pecorum

414 3739 719 3816 si'culumaet
745 3731 1038 3807 ferarum,
1065 3738 1131 3793 et
1159 3733 1366 3793 omnis
1405 3738 1613 3809 terrae,
1644 3740 1708 3794 et
1737 3735 2021 3795 omnium
2060 3735 2427 3813 repentium
2457 3756 2600 3819 qnoe
2635 3743 2881 3816 repunt

413 3805 844 3932 sssstssffifsuper
903 3841 1165 3896 terram.
1263 3833 1414 3896 Hoc
1457 3833 1631 3898 enim
1680 3832 1817 3914 agit
1857 3855 1976 3916 per
2018 3834 2251 3897 mentis
2300 3834 2722 3915 intellectum,
2767 3857 2889 3919 per

415 3936 616 4048 2¹:33⁰·
653 3956 847 4020 quem
863 3938 1153 4018 percipit
1173 3955 1312 4020 quae
1325 3945 1480 3999 sunt
1505 3938 1799 4019 Spiritus
1817 3939 1967 4001 Dei.
2014 3935 2321 4021 Alioquin
2340 3941 2526 4001 homo
2547 3941 2621 4002 in
2643 3941 2889 4002 honore

419 4063 498 4111 De
518 4035 622 4125 qui·

417 4127 506 4176 bus

417 4191 629 4240 chrima-
657 4155 836 4209 quanto
859 4161 1108 4212 possumus
1139 4147 1301 4197 labore
1339 4148 1673 4213 crucifigamus
1695 4149 1743 4197 in
1811 4165 1932 4205 rum,
1956 4149 2059 4198 haec
2081 4157 2153 4198 est
2175 4150 2317 4198 beata
2341 4148 2457 4206 vita,
2480 4149 2557 4224 pie
2582 4148 2892 4214 perfecteque

523 4256 532 4266 ,
609 4256 618 4266 ,
662 4211 813 4266 nobis,
835 4217 848 4238 ⁸
869 4212 1017 4260 donec
1053 4213 1358 4262 absorbeatur
1380 4228 1506 4260 mors
1525 4214 1577 4262 in
1599 4213 1744 4262 victo-
1810 4229 2090 4277 cognoscere
2115 4229 2143 4262 s
2168 4229 2262 4278 quo
2287 4213 2525 4262 inducens
2547 4230 2595 4261 m
2620 4216 2891 4268 veritatem,

419 4256 644 4320 ¹¹⁰⁸J¹¹d¹‘
661 4275 815 4324 riam.’
852 4275 982 4324 Dicit
1000 4276 1128 4325 enim
1143 4277 1428 4344 Apostolus:
1455 4285 1469 4305 ‘
1483 4277 1567 4342 qui
1584 4287 1742 4326 autem
1810 4293 1907 4341 qua
1926 4278 2120 4326 veritate
2152 4275 2417 4344 perfruaris,
2440 4294 2525 4344 per
2542 4277 2662 4343 quid
2684 4292 2891 4326 connec-

417 4329 513 4403 σει,-
665 4340 780 4389 Jesu
803 4339 982 4389 Christi
993 4349 1121 4397 sunt,
1137 4357 1323 4390 carnem
1343 4357 1475 4390 suam
1493 4341 1736 4392 crucifixe·
1804 4341 1918 4390 tatis
1961 4357 2143 4392 summo
2186 4344 2343 4394 modo.
2432 4345 2558 4401 Quae
2602 4343 2698 4391 tria
2741 4356 2891 4390 unum

425 4386 444 4430 ¹
471 4385 650 4438 (³⁰5²
667 4413 772 4452 runt
782 4419 891 4452 cum
905 4405 1389 4468 perturbationibus-set
1399 4406 1736 4472 concupiscen·
1806 4407 1965 4455 Deum
1997 4407 2369 4472 intelligentibus
2400 4422 2643 4471 unamque
2666 4407 2891 4455 substan-

425 4450 500 4495 Μ·
666 4468 776 4515 tiis!
812 4469 936 4532 Aug.
962 4470 1022 4518 de
1047 4469 1172 4519 Gen.
1196 4486 1236 4519 c.
1265 4471 1522 4520 Manicbd.
1540 4473 1629 4520 i.c.
1652 4472 1735 4520 20.
1803 4471 1938 4528 tiam,
1972 4471 2178 4521 exclusis
2210 4472 2497 4522 vanitatibus
2534 4470 2683 4520 vario
2724 4486 2889 4534 super-

730 4537 755 4576 q
775 4532 872 4581 lna
903 4541 972 4580 est
1007 4532 1146 4597 igitur
1167 4535 1308 4599 plena
1342 4536 1532 4586 satietas
1554 4537 1734 4585 animo·
1801 4535 2018 4594 stitionis,
2037 4536 2307 4587 ostendunt.
2346 4537 2403 4587 de
2421 4538 2535 4586 vita
2553 4537 2730 4596 Beata,
2751 4537 2793 4599 §.
2814 4536 2893 4584 35.
