3042 5059
605 399 1319 465 CONFESSIONUM
1365 400 1653 465 LIBER
1694 401 1893 466 XIII.
2227 405 2351 464 271

47 568 80 612 ἰ.
137 554 590 639 multipliciter
636 554 990 637 significari
1036 576 1152 640 per
1193 575 1450 639 corpus,
1503 556 1681 639 quod
1724 577 1855 619 uno
1902 554 2096 620 modo
2142 563 2357 619 mente

48 672 76 712 1²
136 655 557 737 intelligitu13
601 664 668 718 et
703 656 1142 739 multipliciter
1181 663 1394 720 mente
1435 656 1736 738 intelligi,
1779 656 1955 741 quod
1994 676 2125 720 uno
2162 656 2356 719 modo

139 777 264 839 per
307 777 542 840 corpus
583 755 1002 838 significatur.
1091 759 1270 820 Ecce
1313 757 1591 839 simplex
1633 757 1893 820 dilectio
1934 757 2062 820 Dei
2105 765 2170 820 et
2208 777 2354 839 pro-

48 875 79 910 δ’
142 857 337 934 ximi,
397 879 590 940 quam
649 857 1116 939 multiplicibus
1175 857 1607 934 sacramentiS,
1666 865 1732 920 et
1786 857 2356 920 innumerabilibus

48 981 61 1012 ῑ-
142 959 412 1040 linguis,
451 966 516 1022 et
550 959 624 1021 in
663 980 1047 1043 unaquaque
1081 961 1308 1043 lingua
1348 959 1919 1024 innumerabilibus
1960 958 2356 1022 locutionum

144 1061 384 1138 modiS,
412 1061 824 1144 corporaliter
850 1059 1243 1125 enuntiatur!
1289 1062 1382 1126 ita
1407 1069 1704 1125 crescunt
1736 1068 1801 1123 et
1828 1061 2357 1140 multiplicantur

147 1163 322 1226 ”etus
371 1184 697 1246 aquarum.
784 1163 1062 1227 Attende
1118 1163 1346 1226 iterum
1411 1164 1707 1248 quisquis
1754 1164 1894 1226 hoec
1942 1163 2145 1244 legis:
2206 1181 2359 1227 ecce

51 1291 74 1308 *·
149 1263 332 1346 quod
369 1284 500 1326 uno
538 1262 731 1326 modo
771 1263 1097 1346 Scriptura
1135 1260 1381 1341 effert',
1415 1271 1482 1327 et
1517 1285 1649 1327 vox
1690 1269 2011 1346 personat,
2051 1264 2141 1325 In
2172 1264 2359 1342 prin·
2374 1273 2505 1324 Gen.
2526 1274 2574 1330 ι.

48 1395 62 1408 =
147 1365 324 1443 cipio
371 1364 549 1446 fecit
610 1364 792 1425 Deus
852 1365 1076 1426 coelum
1141 1371 1204 1426 et
1271 1372 1558 1434 terram;
1636 1385 1853 1427 nonne
1920 1339 2425 1446 multipliciter¹⁹

48 1527 52 1531 ,
151 1465 558 1546 intelligitur,
583 1484 718 1527 non
747 1485 1026 1526 errorum
1053 1463 1330 1542 fallacia,
1351 1463 1466 1528 sed
1484 1485 1771 1530 verarum
1797 1463 2361 1546 intelligentiarum

155 1563 536 1646 generibus?
581 1564 674 1627 ita
699 1573 995 1627 crescunt
1021 1572 1088 1628 et
1113 1566 1643 1645 multiplicantur
1670 1565 1837 1628 fetus
1864 1564 2214 1628 hominum.

243 1670 350 1728 37.
398 1668 628 1749 Itaque
687 1663 743 1728 si
800 1673 1060 1728 naturas
1114 1665 1294 1748 ipsas
1349 1685 1557 1729 rerum
1630 1683 1761 1728 non
1832 1665 2173 1746 allegorice
2247 1663 2361 1727 sed

152 1768 412 1854 proprie
455 1769 844 1850 cogitemus3
907 1769 992 1832 ad
1033 1769 1250 1832 omnia
1289 1788 1434 1852 quae
1473 1769 1555 1832 de
1594 1769 1947 1833 seminibus
1994 1769 2360 1850 gignuntur,

155 1870 460 1934 convenit
513 1870 796 1946 verbum,
861 1871 1146 1934 Crescite
1211 1878 1275 1933 et
1343 1872 1899 1950 multiplicamini.
2018 1867 2089 1934 Si
2150 1877 2363 1932 autem

155 1970 430 2050 figurate
458 1969 672 2053 posita
697 1969 825 2034 ista
851 1977 1219 2047 tractemus,
1247 1969 1426 2054 quod
1451 1970 1671 2053 potius
1708 1969 1975 2034 arbitror
2010 1969 2363 2032 intendisse

48 2111 50 2142 ÷
159 2071 576 2154 Scripturam,
616 2093 762 2154 quae
807 2071 1030 2155 utique
1067 2092 1202 2134 non
1245 2091 1639 2154 supervacue
1683 2071 1837 2134 solis
1881 2070 2259 2154 aquatilium
2302 2079 2369 2140 et

48 2213 51 2249 :
157 2171 495 2236 hominum
535 2171 774 2234 fetibus
823 2171 1016 2235 istam
1064 2170 1583 2234 benedictionem
1628 2171 1945 2247 attribuit;
2007 2171 2367 2234 invenimus

160 2273 422 2356 quidem
461 2271 906 2336 multitudines
949 2279 1016 2336 et
1054 2273 1125 2334 in
1169 2272 1472 2336 creaturis
1515 2273 1954 2356 spiritualibus
1994 2279 2189 2357 atque
2228 2293 2365 2337 cor-

48 2415 53 2426 =
155 2374 512 2457 poralibus,
540 2382 848 2457 tanquam
879 2375 948 2436 in
985 2376 1134 2438 coelo
1164 2381 1230 2438 et
1254 2373 1325 2437 in
1356 2382 1569 2444 terni,-
1616 2382 1684 2437 et
1709 2374 1779 2436 in
1808 2373 2037 2437 animis
2066 2371 2263 2456 justis
2300 2381 2367 2435 et

156 2474 424 2557 iniquiS,
453 2482 758 2557 tanquam
787 2474 858 2536 in
887 2476 1028 2537 luce
1057 2481 1123 2537 et
1152 2472 1458 2544 tenebris;
1509 2481 1575 2536 et
1602 2473 1671 2536 in
1700 2473 1939 2537 sanctis
1976 2475 2366 2551 auctoribuS,

50 2623 54 2658 ἶ
155 2595 272 2658 per
324 2596 492 2658 quos
536 2577 644 2640 lex
696 2575 1054 2638 ministrata
1101 2583 1219 2652 est,
1267 2583 1569 2656 tanquam
1614 2573 1684 2636 in
1712 2576 2140 2655 firmamento
2190 2571 2366 2654 quod

159 2675 504 2740 solidatum
535 2683 636 2739 est
668 2679 844 2738 inter
885 2695 1119 2759 aquam
1157 2683 1223 2738 et
1250 2695 1514 2758 aquam,·
1586 2682 1651 2738 et
1690 2675 1761 2736 in
1802 2674 2103 2738 societate
2139 2673 2365 2736 amari-

158 2778 446 2841 cantium
474 2778 880 2860 populorum,
908 2786 1212 2858 tanquam
1239 2776 1312 2838 in
1339 2779 1503 2838 mavi
1515 2801 1539 2844 ,·
1579 2782 1645 2838 et
1669 2775 1741 2837 in
1768 2774 1983 2839 studio
2014 2774 2366 2838 animarum
2444 2807 2453 2814 ·

158 2878 436 2960 piarum,
454 2886 762 2960 tanquam
781 2878 852 2940 in
875 2878 1106 2947 uriom
1142 2884 1207 2939 et
1233 2876 1303 2938 in
1332 2876 1637 2959 operibus
1656 2873 2109 2939 misericordiae
2140 2895 2367 2938 secun-

159 2977 320 3040 dum
380 2986 758 3061 praesentem
815 2977 1033 3056 vitam,
1083 2984 1388 3060 tanquam
1445 2978 1514 3038 in
1578 2975 1790 3040 herbis
1844 2974 2247 3039 seminalibus
2301 2983 2369 3038 et

159 3079 776 3162 liquis-fructiferi&
807 3087 873 3141 et
891 3079 961 3141 in
981 3078 1618 3159 spiritualim-edonis
1634 3078 2065 3159 manifestatis
2081 3076 2174 3139 ad
2188 3077 2365 3138 utili·

157 3187 382 3256 tatem,
413 3179 579 3242 sicut
607 3179 676 3240 in
705 3179 1124 3243 luminaribus
1149 3181 1324 3247 coeli,·
1372 3187 1439 3242 et
1463 3179 1536 3240 in
1564 3174 2053 3242 affectionibus*
2082 3176 2367 3240 formatis

163 3279 250 3344 ad
296 3281 798 3363 temperantiam,
836 3289 1141 3364 tanquam
1179 3281 1249 3342 in
1294 3281 1513 3343 anima
1556 3282 1717 3342 viva.
1808 3280 1889 3341 In
1924 3277 2029 3340 his
2068 3275 2367 3340 omnibus

151 3381 598 3454 ,nanciscimur
637 3381 1102 3458 multitudines,
1146 3388 1212 3444 et
1267 3382 1609 3457 ubertateS,
1654 3387 1721 3442 et
1765 3379 2183 3442 incrementa:
2253 3376 2368 3440 sed

163 3482 342 3566 quod
383 3482 476 3546 ita
517 3493 760 3546 creseat
803 3492 870 3547 et
911 3484 1392 3563 multiplicetur,
1437 3489 1511 3545 ut
1552 3502 1683 3544 una
1727 3501 1831 3543 res
1888 3477 2107 3541 multis
2156 3477 2369 3541 modis

165 3584 550 3661 enuntietur,
595 3595 660 3648 et
701 3606 832 3649 una
873 3584 1228 3648 enuntiatio
1269 3583 1488 3646 multis
1530 3583 1739 3645 modis
1781 3581 2195 3663 intelligatur,
2236 3603 2372 3645 non

163 3685 551 3761 invenimuS,
579 3685 706 3748 nisi
735 3686 804 3747 in
834 3686 1037 3767 signis
1067 3685 1475 3768 corporaliter
1504 3683 1715 3763 editis,
1745 3691 1811 3747 et
1834 3683 2026 3747 rebus
2066 3682 2370 3762 intelligi·

164 3786 383 3848 biliter
438 3787 845 3868 excogitatis.
955 3787 1158 3867 Signa
1212 3785 1624 3869 corporaliter
1678 3785 1871 3862 edita,
1932 3785 2369 3865 generationes

167 3907 482 3970 aquarum
535 3894 794 3970 propter
849 3887 1242 3951 necessarias
1287 3908 1514 3950 causas
1559 3887 1832 3949 carnalis
1888 3884 2369 3968 profunditatis;

165 4007 270 4050 res
317 3995 530 4052 autem
573 3988 1060 4069 intelligibiliter
1105 3988 1525 4068 excogitatae,
1571 3985 2007 4066 generationes
2056 3985 2372 4048 humanas

165 4096 432 4171 propter
457 4089 722 4152 rationis
749 4088 1206 4152 fecunditatem
1234 4087 1671 4167 intelligimus.
1759 4087 1851 4148 Et
1876 4085 2025 4148 ideo
2054 4084 2372 4148 credimus

165 4189 426 4272 utrique
467 4209 688 4252 eorum
711 4186 740 4215 ⁸*
776 4190 991 4270 generi
1035 4189 1276 4255 dictum
1318 4209 1458 4252 esse
1497 4189 1614 4251 abs
1643 4195 1728 4266 te,
1757 4186 2056 4263 Domine,
2092 4186 2375 4250 Crescite

169 4298 233 4352 et
288 4291 844 4371 multiplicamini.
933 4292 1014 4353 In
1061 4291 1186 4354 hac
1247 4289 1418 4353 enim
1474 4287 1945 4364 benedictione,
2001 4308 2374 4351 concessam

168 4389 359 4452 nobis
389 4411 430 4453 a
457 4398 521 4454 te
557 4379 942 4473 potestatem
985 4411 1060 4454 ac
1099 4390 1464 4454 facultatem
1505 4389 1779 4472 accipio,
1809 4396 1875 4452 et
1908 4381 2130 4452 multis
2166 4386 2375 4451 modis

101 4548 108 4556 .
170 4491 502 4556 enuntiare
540 4491 720 4574 quod
758 4513 888 4555 uno
931 4489 1124 4558 modo
1172 4489 1567 4554 intellectum
1606 4489 2016 4568 tenuerimus„
2053 4497 2119 4552 et
2156 4486 2376 4552 multis
2432 4503 2441 4515 ·
