3042 5059
667 409 788 465 148
1220 404 1284 465 S.
1333 402 1518 464 AUG
1532 400 1851 463 USTINI
1897 399 2317 462 EPISCOPI

660 557 854 622 modo
899 578 967 620 se
1011 558 1172 621 velle
1217 556 1494 634 dicebat,
1526 578 1720 641 quam
1746 557 1859 619 ino
1890 576 2022 639 quo
2049 575 2185 617 nou
2226 560 2491 636 poterat.
2580 552 2894 631 Benigne

663 683 816 725 sane
875 660 1129 738 obtulit,
1191 659 1501 743 quamdiu
1557 661 1653 724 ibi
1712 680 2018 736 essemus,
2076 659 2147 721 in
2204 679 2273 720 re
2332 656 2471 740 ejus
2528 676 2830 719 essemus
2842 653 2891 717 ⁵.

423 758 541 869 {¹4⁰⁰-
568 760 645 813 14,
663 762 1006 825 Retribues
1048 757 1209 839 illi·,
1237 760 1540 837 Domine,
1570 762 1641 823 in
1680 763 2143 824 resurrectione
2168 759 2525 842 justorum,
2553 756 2717 839 quia
2750 755 2891 837 jam

426 856 506 947 Pa..
533 902 643 959 124,
661 864 868 945 ipsam
899 869 1130 924 sortem
1172 861 1519 924 retribuisti
1550 863 1630 924 ei.
1722 862 2033 934 Quamvis
2062 860 2233 923 enim
2263 858 2642 921 absentibus
2670 856 2893 930 nobie,

421 965 468 1013 3.
661 985 808 1027 cum
835 965 1061 1025 Romae
1080 960 1220 1045 jam
1248 982 1552 1039 essemuS,
1583 961 1902 1045 corporali
1933 960 2310 1043 aegritudine
2336 966 2691 1041 correptus,
2725 964 2798 1018 et
2822 956 2893 1016 in

660 1085 738 1126 ea
782 1063 1166 1126 christianus
1217 1069 1283 1123 et
1331 1061 1543 1124 fidelis
1588 1063 1818 1140 factus,
1866 1084 1951 1125 ex
1995 1063 2120 1124 hac
2166 1061 2301 1123 vita
2346 1059 2685 1139 emigravit
2708 1081 2727 1120 ε
2800 1057 2892 1118 ita

659 1164 958 1227 misertus
1003 1184 1073 1225 es
1116 1183 1249 1225 non
1295 1163 1500 1225 solum
1546 1163 1705 1248 ejuS,
1736 1163 1852 1225 sed
1894 1155 2086 1226 etiam
2128 1161 2352 1237 nostri,
2395 1182 2478 1223 ne
2523 1159 2893 1239 cogitantes

660 1263 983 1345 egregiam
1011 1283 1162 1343 erga
1187 1284 1308 1324 nos
1346 1263 1537 1326 amici
1573 1264 2058 1341 humanitatem,
2086 1284 2206 1325 nec
2246 1283 2391 1325 eum
2424 1262 2497 1322 in
2534 1281 2735 1341 grege
2776 1266 2891 1320 tuo

659 1372 1087 1440 numeranteS,
1110 1362 1326 1426 dolore
1347 1363 1735 1426 intolerabili
1757 1364 2198 1427 cruciaremur.
2252 1362 2514 1425 Gratias
2530 1360 2675 1437 tibi,
2697 1360 2892 1421 Deus

659 1473 896 1541 noster,
928 1465 1021 1528 tui
1063 1485 1282 1526 sumus
1296 1486 1313 1540 3
1359 1462 1652 1528 indicant
1690 1465 2084 1528 hortationes
2114 1471 2180 1527 et
2206 1462 2681 1527 consolationes
2720 1469 2888 1522 tuae:

661 1566 873 1629 fidelis
902 1565 1265 1649 promissor,
1282 1564 1958 1642 reddis'VerecundO,
1975 1587 2093 1648 pro
2120 1586 2264 1627 rure
2293 1564 2407 1625 illo
2435 1562 2576 1646 ejus
2598 1562 2891 1625 Cassici-

661 1689 800 1745 acc,
830 1667 943 1729 ubi
985 1666 1066 1729 ab
1110 1674 1270 1729 aestu
1311 1665 1529 1728 saeculi
1569 1666 2001 1749 requievimus
2028 1667 2097 1728 in
2126 1674 2212 1742 te,
2242 1664 2679 1727 amoenitatem
2716 1684 2887 1725 sem-

425 1802 506 1851 p„
529 1803 610 1859 67,
658 1768 904 1850 piteme
963 1767 1226 1829 virentis
1282 1765 1565 1849 paradisi
1622 1767 1740 1844 tui,
1789 1768 2095 1850 quoniam
2152 1766 2453 1829 dimisisti
2502 1765 2561 1827 ei
2607 1774 2890 1846 peccata

426 1867 500 1914 ¹⁶·
661 1890 854 1951 super
881 1876 1132 1943 terram,
1159 1870 1231 1929 in
1261 1874 1472 1929 monte
1497 1870 1825 1931 incaseato
1836 1880 1879 1946 θ,
1906 1877 2121 1931 monte
2150 1876 2281 1944 tue,
2309 1875 2525 1929 monte
2554 1866 2766 1928 uberi.

745 1974 805 2031 6.
851 1969 1226 2049 Augebatur
1267 1990 1416 2049 ergo
1461 1976 1617 2032 tunc
1653 1970 1833 2053 ipse3
1882 1969 2232 2032 Nebridius
2270 1977 2485 2032 autem
2514 1967 2889 2031 collaetaba·

656 2080 774 2133 tur.
865 2070 1174 2141 Quamvis
1233 2070 1402 2131 enim
1463 2077 1529 2132 et
1585 2069 1727 2153 ipse
1782 2070 2070 2133 nondum
2130 2069 2513 2133 christianus
2568 2068 2641 2129 in
2697 2068 2887 2128 illam

655 2171 903 2238 foveam
945 2169 1477 2254 perniciosissimi
1521 2170 1747 2233 erroris
1789 2170 2121 2249 inciderat,
2149 2178 2223 2232 ut
2249 2169 2556 2232 Veritatis
2586 2167 2741 2231 Filii
2788 2168 2887 2229 tui

623 2292 911 2345 ⁶carnem
954 2271 1372 2353 phantasma¹
1403 2270 1726 2347 crederet3
1777 2281 1995 2335 tamen
2034 2271 2185 2334 inde
2226 2291 2580 2351 emergenS,
2614 2269 2711 2331 sic
2754 2268 2886 2330 sibi

658 2380 812 2449 erat,
859 2371 1146 2434 nondum
1195 2371 1480 2434 imbutus
1530 2371 1683 2433 ullis
1730 2373 2047 2435 Ecclesiae
2093 2379 2225 2435 tuae
2274 2369 2713 2445 sacramentiS,
2764 2368 2883 2431 sed

654 2473 1032 2556 inquisitor‘
1083 2471 1563 2535 ardentissimus
1621 2472 1924 2535 veritatis.
2014 2474 2222 2545 Quem
2278 2493 2410 2534 non
2466 2472 2673 2532 multo
2728 2478 2887 2551 post

657 2575 1134 2639 conversionem
1196 2582 1479 2637 nostram
1549 2581 1614 2635 et
1681 2575 2223 2654 regenerationem
2293 2594 2410 2657 per
2465 2572 2881 2654 Baptismum

654 2685 856 2752 tuum,
875 2676 1090 2757 ipsum
1122 2674 1313 2738 etiam
1341 2674 1602 2738 fidelem
1633 2674 2021 2739 catholicum
2052 2676 2341 2739 castitate
2372 2674 2658 2759 perfecta
2686 2683 2881 2757 atque

657 2776 1053 2839 continentia
1100 2776 1219 2839 tibi
1272 2776 1651 2838 servientem
1694 2776 1763 2837 in
1814 2776 2031 2839 Africa
2088 2775 2263 2859 apud
2321 2796 2495 2853 suOS,
2542 2797 2694 2838 cum
2744 2783 2881 2837 tota

657 2875 884 2939 domus
925 2875 1064 2960 ejus
1106 2898 1223 2959 per
1254 2898 1402 2939 eum
1444 2875 1793 2939 christiana
1828 2877 1999 2941 facta
2037 2885 2224 2955 esset,
2254 2898 2443 2940 carne
2474 2876 2771 2951 solvis1i3
2816 2884 2877 2938 et

419 2994 541 3043 Luc.
563 2994 640 3051 16,
656 3000 828 3040 nunc
877 2978 988 3041 ille
1035 2978 1193 3040 vivit
1240 2980 1313 3040 in
1357 2979 1509 3039 sinu
1548 2976 1898 3039 Abraham.
1988 2977 2324 3061 Quidquid
2352 2976 2519 3042 illud
2560 2992 2661 3039 est
2702 2975 2878 3060 quod

417 3058 499 3106 2²·
656 3080 770 3143 mo
833 3079 1231 3159 significatur
1289 3078 1435 3142 sinu
1445 3078 1488 3155 ¹2,
1538 3077 1634 3139 ibi
1685 3077 2077 3142 Nebridius·
2130 3079 2309 3155 vivit,
2361 3068 2569 3141 ducis
2630 3078 2877 3141 amicus

725 3310 748 3338 ⁸
783 3314 817 3337 0·
839 3306 994 3363 Quem
1010 3314 1216 3354 montem
1231 3305 1490 3369 intelligere
1507 3308 1734 3356 debemus
1795 3307 2075 3367 Abraham3
2116 3316 2165 3356 et
2196 3306 2299 3356 ideo
2320 3306 2531 3355 Abrahae
2562 3305 2747 3353 dictum
2779 3319 2872 3352 nou

659 3367 749 3417 nisi
765 3371 966 3418 eundem
990 3370 1249 3418 Dominum
1275 3371 1531 3428 Christum,
1554 3371 1613 3419 de
1640 3386 1733 3434 quo
1797 3374 1922 3436 quod
1964 3372 2110 3437 ipsius
2152 3381 2333 3420 tantum
2378 3370 2453 3429 sit,
2490 3370 2575 3418 sed
2614 3370 2743 3433 quod
2776 3369 2872 3433 ipse

658 3440 708 3480 et
747 3433 866 3481 alius
911 3434 1147 3497 Propheta
1188 3433 1332 3483 dicit:
1389 3440 1403 3462 ‘
1431 3435 1731 3483 erit—mani·
1830 3446 1929 3484 ater
1948 3438 2200 3485 multarum
2222 3436 2427 3500 gentium
2459 3433 2521 3483 sit
2552 3434 2748 3509 positus,
2771 3432 2873 3496 qui-

657 3495 800 3544 sestus
817 3512 951 3545 mons
971 3497 1183 3557 Domini,
1207 3507 1396 3563 paratus
1416 3498 1465 3546 in
1487 3498 1735 3547 cacumine
1796 3452 1885 3549 Rus
1926 3508 1993 3549 est
2032 3502 2092 3549 ad
2138 3502 2413 3549 imitandum
2456 3500 2564 3547 fidei
2606 3498 2873 3563 principatu

656 3560 884 3607 montium
903 3562 940 3610 '2’
1008 3562 1032 3609 I
1156 3570 1226 3610 est
1267 3578 1403 3610 mons
1444 3563 1726 3618 incaseatus,
1790 3564 2099 3641 propositus.''
2147 3565 2247 3627 [ed.
2286 3564 2433 3626 Bem]
2502 3564 2678 3626 Neque
2716 3570 2873 3609 tamen

658 3632 846 3689 propter
883 3640 1030 3688 parvu
1052 3641 1104 3673 os
1141 3625 1290 3689 gratia
1326 3635 1566 3689 tamquam
1605 3628 1729 3675 lacte
1790 3628 1837 3675 id
1873 3645 1924 3677 m
1964 3628 2051 3677 hoc
2085 3629 2189 3677 loco
2220 3628 2421 3677 voluisse
2444 3626 2631 3675 videtur
2663 3626 2793 3687 Aug.
2824 3641 2872 3673 se

658 3688 962 3747 nutriendos3
1005 3704 1138 3737 mons
1174 3690 1308 3746 uber,
1350 3692 1412 3738 ad
1445 3692 1729 3754 roborandos
1793 3693 1984 3740 omuino
2026 3693 2223 3746 nescire,
2264 3692 2380 3756 quid
2415 3692 2477 3739 sit
2514 3691 2643 3754 quod
2682 3688 2873 3738 nomine

657 3761 798 3815 atque
811 3752 1028 3801 ditandos
1041 3754 1267 3801 donorum
1283 3754 1561 3802 excellentia
1580 3773 1594 3814 ;
1619 3770 1729 3803 uam
1795 3762 1831 3787 “
1855 3756 2063 3805 Abrahae
2095 3756 2259 3805 sinus”
2280 3756 2493 3819 designet
2516 3754 2771 3807 Dominus.
2796 3768 2873 3800 ve·

657 3826 705 3864 et
723 3816 875 3880 ipsum
903 3818 980 3865 lac
1011 3818 1138 3865 unde
1170 3819 1222 3865 fit
1249 3834 1428 3876 caseus,
1449 3818 1568 3865 miro
1589 3821 1727 3868 modo
1792 3837 1895 3869 rum
1924 3821 2078 3885 qualis
2110 3821 2169 3868 sit
2206 3819 2307 3883 ejus
2343 3820 2436 3867 loci
2474 3818 2673 3873 indoles,
2711 3817 2873 3881 qualia

656 3880 888 3943 siguificat
940 3883 1168 3945 gratiam:
1229 3890 1390 3931 manat
1442 3884 1617 3948 quippe
1668 3899 1728 3932 ex
1790 3885 1998 3949 gaudia,·
2033 3885 2221 3933 occulta
2251 3884 2374 3933 enim
2396 3899 2515 3937 esse.
2540 3892 2587 3931 et
2608 3882 2764 3937 nobis,
2792 3880 2871 3944 qui

657 3945 948 3993 abundantia
971 3946 1196 3993 viscerum
1220 3955 1553 4004 maternorum,
1574 3956 1623 3995 et
1642 3948 1729 3995 mi·
1792 3951 1948 3997 adhuc
1972 3950 2021 3997 in
2042 3964 2181 3997 carne
2202 3964 2379 4003 sumus,
2404 3948 2555 3995 minus
2576 3962 2716 4011 posse
2740 3945 2873 3994 intel-

655 4009 903 4057 sericordia
940 4010 1209 4059 delectabili
1247 4012 1452 4074 parvulis
1482 4012 1623 4075 gratis
1657 4011 1729 4059 in·
1792 4013 1891 4076 ligi.
1961 4014 2217 4068 Caeterum,
2262 4012 2453 4075 ubique,
2500 4012 2559 4059 de
2596 4011 2681 4058 illo
2730 4024 2873 4072 agens

654 4072 914 4121 funditur.”
948 4075 1074 4137 Aug.
1097 4075 1157 4121 ad
1179 4074 1272 4122 loc.
1790 4077 1913 4130 loco,
1950 4077 2039 4125 sibi
2082 4084 2263 4125 constat
2305 4077 2431 4139 Aug.
2494 4077 2617 4123 Eum
2661 4081 2697 4104 “
2722 4088 2872 4121 secre-

735 4134 755 4170 f
779 4138 890 4185 Vid.
909 4154 1016 4200 sup.
1041 4138 1074 4187 l.
1095 4155 1140 4186 v.
1163 4154 1206 4185 c.
1231 4140 1279 4185 9.
1303 4148 1400 4187 not.
1423 4140 1458 4187 l.
1484 4157 1532 4203 p.
1557 4141 1640 4187 72.
1789 4143 1925 4188 tum”
1945 4156 2062 4196 esse,
2085 4148 2115 4170 ‘⁶
2146 4140 2225 4188 ubi
2258 4148 2359 4188 erat
2392 4139 2636 4186 Abraham
2658 4138 2871 4198 ;—sinus

719 4204 748 4243 8
782 4202 896 4249 vid.
912 4217 1019 4265 sup.
1039 4202 1075 4249 1.
1101 4204 1159 4249 vi.
1186 4204 1229 4263 §.
1257 4204 1332 4249 17.
1354 4212 1404 4251 et
1425 4215 1521 4251 not.
1546 4204 1661 4251 ibid.
1790 4214 1905 4258 erat,
1920 4205 2034 4269 quia
2050 4213 2279 4254 secretum
2298 4204 2451 4251 erat.”
2482 4206 2634 4251 Serm-
2658 4206 2737 4249 14.
2762 4217 2805 4249 c.
2824 4203 2871 4248 3.

721 4264 746 4302 Β
781 4265 910 4323 Quid
941 4266 1044 4313 sinu
1069 4266 1276 4315 Abrabae
1300 4266 1551 4331 significari
1580 4266 1727 4316 credi-
1793 4275 1825 4295 “
1851 4278 2041 4318 secretae
2084 4270 2329 4329 cuiusdam
2373 4267 2543 4331 quietis
2594 4264 2871 4315 habitatio.”

654 4327 774 4375 derit
805 4330 1112 4393 Augustinus,
1147 4330 1326 4395 aperuit
1358 4332 1456 4395 ipse
1491 4340 1651 4396 postea
1680 4331 1731 4379 in
1795 4334 1887 4397 Ep.
1922 4335 2029 4381 164.
2052 4335 2094 4395 ᾗ.
2118 4336 2166 4383 7.
2232 4338 2265 4362 “
2289 4332 2403 4380 Siuu
2426 4332 2548 4395 ejus,
2572 4330 2622 4378 h.
2646 4346 2690 4379 e.
2722 4332 2773 4377 in
2802 4343 2869 4377 se·

655 4390 738 4439 lib.
767 4394 814 4439 4.
847 4393 907 4440 de
927 4393 1102 4441 Anima
1135 4403 1183 4441 et
1215 4394 1316 4457 ejus
1338 4396 1547 4459 Origine,
1579 4412 1622 4444 c.
1651 4398 1729 4444 16.
1794 4409 1919 4445 creto
1964 4397 2131 4462 quietis
2174 4396 2327 4461 ejus.”
2384 4397 2463 4444 De
2509 4396 2635 4444 Gen.
2677 4394 2739 4443 ad
2782 4394 2867 4441 litt.

655 4469 704 4500 n.
726 4456 822 4501 24:
860 4464 894 4484 ‘⁶
921 4455 1084 4504 Sinum
1113 4457 1317 4506 Abrahae
1349 4458 1559 4523 intellige
1580 4476 1730 4509 remo-
1793 4460 1830 4509 l.
1852 4462 1935 4509 xii.
1972 4465 2014 4522 §.
2038 4464 2119 4510 63.
2188 4467 2221 4489 ‘⁴
2250 4461 2366 4525 Ejus
2396 4460 2552 4508 sinum
2586 4458 2620 4507 i.
2642 4473 2686 4507 e.
2718 4458 2868 4506 nescio

655 4532 750 4571 2am
771 4518 928 4567 sedem
953 4520 1118 4582 quietis
1138 4530 1277 4585 atque
1297 4533 1542 4581 secretam,
1558 4524 1640 4573 ubi
1662 4534 1731 4574 est
1794 4526 1931 4589 cujus
1946 4525 2179 4575 felicitatis
2210 4540 2434 4590 magnum
2468 4523 2779 4586 abditumque
2798 4536 2866 4569 se-
