3042 5059
599 331 720 386 320

667 483 936 537 scendatur,
965 479 1030 528 ib.
1077 479 1327 526 Peccatum
1365 473 1571 524 demoni
1603 485 1675 524 est

667 547 968 601 sacrificinm,
999 547 1072 592 15.

609 611 800 661 Peccati
829 625 1006 675 poenzm
1045 605 1343 660 obcaecatio,
1365 604 1434 653 ib.
1479 605 1672 669 Inquie-

667 675 786 724 tudo
807 673 971 728 animi.
993 674 1076 722 63.
1117 670 1271 718 Poena
1283 684 1370 718 sua
1381 670 1469 718 sibi
1489 678 1559 718 est
1574 685 1676 717 om·

673 741 747 788 nis
792 739 1082 788 inordinatus
1120 735 1322 791 animus,
1365 736 1444 792 11,
1477 735 1594 792 241,
1624 748 1677 782 ιι.

679 806 902 854 Peccator
917 804 1074 850 Deum
1087 800 1244 862 fugere
1263 813 1356 846 non
1377 806 1557 862 potest:
1594 802 1677 846 sed

673 869 852 918 invenit
871 868 1046 930 ubique
1069 863 1165 914 Dei
1185 864 1340 927 legem
1355 863 1405 910 in
1419 877 1565 928 poena
1574 878 1676 918 sua,

736 996 927 1044 Animae
947 993 1236 1060 peccatrices
1267 990 1365 1040 Dei
1395 991 1577 1056 imperii
1602 1006 1677 1038 or·

673 1061 830 1109 dinem
865 1075 958 1106 non
1053 1059 1282 1111 rturbant‚
1319 1058 1428 1112 118,
1453 1058 1537 1108 63.
1558 1064 1609 1104 et
1630 1071 1679 1103 n.

673 1127 932 1174 Peccatum
1023 1139 1080 1168 eo
1111 1137 1205 1169 non
1243 1130 1400 1175 nocet,
1437 1121 1555 1175 230,
1593 1121 1672 1167 63.

673 1206 760 1238 nec
783 1204 950 1238 nocere
972 1194 1139 1254 potest.
1163 1187 1245 1240 63,
1267 1187 1350 1232 38.

611 1257 916 1304 Peccatorum
939 1252 1065 1317 apud
1093 1253 1254 1300 Deum
1283 1248 1528 1305 confessio,
1547 1263 1678 1314 spem

672 1321 866 1373 excitat,
896 1318 1000 1365 171.

611 1383 807 1432 Peccati
841 1383 918 1432 lex
954 1388 1025 1430 est
1059 1379 1278 1427 violentia
1311 1377 1679 1434 consuetudinis,

612 1512 918 1560 Peccatorum
935 1510 1046 1558 duoe
1067 1508 1285 1571 origines,
1307 1509 1357 1564 3,
1383 1523 1432 1556 ιι.

616 1577 818 1625 Peccata
841 1575 936 1624 alia
956 1582 1118 1622 contra
1141 1583 1374 1627 naturam,
1399 1572 1494 1620 alia
1511 1579 1676 1620 contra

673 1657 841 1696 mores,
863 1639 959 1686 alia
987 1651 1151 1687 contra
1177 1647 1430 1702 praecepta,
1453 1637 1535 1692 37,
1557 1644 1605 1685 et
1624 1650 1676 1684 n.

679 1706 884 1754 Peccata
905 1702 1264 1768 proficientium,
1287 1704 1368 1750 38.

611 1771 822 1819 Ρεηὶοεω
855 1771 1022 1816 tunice
1045 1767 1375 1815 mortalitatem
1395 1764 1677 1830 significant,

681 1837 792 1893 120,
809 1843 856 1882 er
879 1849 925 1880 n.
947 1832 1064 1879 259.

615 1899 834 1947 Peuulati
857 1897 1077 1960 magistri,
1106 1895 1180 1942 13.

615 1963 992 2011 Perturbationes
1013 1959 1157 2008 animi
1177 1967 1380 2024 quatuor
1399 1966 1527 2012 sunt,
1546 1957 1678 2020 cupi-

679 2027 815 2082 ditas,
838 2026 1018 2080 laetitia,
1040 2034 1196 2072 metus
1213 2033 1263 2072 et
1283 2023 1488 2076 tristitia,
1514 2023 1629 2072 178.

616 2091 834 2139 Petiliani
858 2089 1035 2137 malitia
1056 2089 1107 2136 in
1131 2089 1470 2151 Augustinum.
1494 2088 1578 2142 44,
1600 2104 1652 2135 ιι.

617 2156 972 2204 Phantasmata.
1019 2155 1184 2200 Luctae
1207 2153 1378 2200 anime
1397 2167 1505 2200 cum
1530 2151 1683 2216 phan-

677 2220 952 2267 tasmatibus
973 2217 1204 2280 praeclara
1227 2216 1496 2280 descriptio,
1519 2217 1603 2264 32.

612 2284 931 2348 Philosophia.-
973 2281 1079 2328 laus
1129 2289 1178 2328 et
1217 2280 1440 2337 defensio,
1472 2281 1522 2328 in
1558 2282 1681 2329 Hor·

675 2349 824 2396 tensio
879 2346 1140 2401 Ciceronis,
1189 2346 1271 2394 30.
1331 2346 1581 2402 Quomodo
1620 2346 1681 2393 ad

677 2412 1020 2478 philosophiam
1075 2423 1300 2458 accensus
1347 2410 1438 2457 fuit
1489 2408 1681 2474 Augus·

677 2478 824 2537 tinus,
848 2478 916 2525 ib.

616 2541 896 2608 Philosophi
917 2557 1018 2606 prae
1047 2539 1268 2604 superbia
1295 2538 1567 2588 Creatorem
1601 2553 1687 2604 per

681 2616 920 2656 creaturas
939 2621 1033 2653 non
1053 2605 1353 2658 invenerunt,
1369 2603 1452 2655 66.
1473 2603 1554 2650 65.

615 2669 864 2726 Photinus,
887 2670 990 2735 ejus
1009 2669 1206 2726 falsitas,
1235 2669 1346 2724 121,
1367 2676 1416 2716 et
1438 2682 1484 2714 n.
1507 2668 1590 2723 72,
1612 2682 1661 2714 n.

614 2735 822 2784 Picturae
841 2735 1047 2786 lascivae.
1075 2734 1153 2781 14.

615 2799 716 2848 Piis
753 2798 875 2848 idem
915 2800 1154 2864 probatur,
1189 2797 1316 2860 quod
1361 2796 1468 2844 Deo
1509 2796 1683 2862 placet,

611 2937 628 2958 ‘
657 2929 806 2976 Piscis
827 2928 886 2976 de
909 2926 1139 2993 profundo
1157 2924 1355 2974 levatus'
1374 2924 1685 2973 manducatur

677 2989 1687 3118 ff.303-13.P2:²;²22²9.⁶3:ffi⁰;2x32222

678 3131 727 3169 et
749 3123 894 3170 cetos’
915 3120 1223 3184 significatur,
1239 3120 1357 3176 274,
1381 3119 1468 3175 65,
1485 3135 1535 3168 n.
1642 3171 1649 3176 ,

620 3185 759 3234 Plani
787 3185 1133 3240 Mathematici,
1149 3184 1340 3249 pietatis
1361 3191 1590 3248 expertes,
1608 3184 1687 3231 47.

681 3259 729 3298 et
743 3252 964 3310 veritatis,
986 3253 1070 3305 48,
1097 3252 1210 3298 108.

620 3315 976 3364 Platonicorum
1022 3316 1070 3362 in
1111 3315 1244 3362 libris
1287 3311 1509 3377 quaedam
1554 3311 1687 3376 Aug.

682 3381 794 3442 legit
817 3387 1134 3429 consentanea
1154 3377 1380 3427 doctrinae
1405 3377 1688 3426 Christianae

681 3445 742 3492 de
763 3443 1007 3493 divinitate
1026 3443 1177 3493 Verbi
1199 3442 1380 3497 aeterni,
1395 3441 1512 3489 nihil
1529 3449 1689 3489 tamen

679 3509 738 3556 de
762 3509 1004 3557 Incarnati
1023 3508 1306 3565 humilitate,
1330 3509 1440 3560 112.
1470 3507 1580 3555 113.
1630 3507 1687 3552 Ιιι

679 3573 736 3619 iis
773 3572 916 3620 etiam
958 3587 1052 3619 non
1089 3571 1266 3618 invenit
1302 3571 1429 3644 quod
1466 3570 1514 3617 in
1548 3570 1689 3618 sacris

681 3635 842 3683 litter-is
874 3637 1060 3698 reperit,
1082 3649 1251 3708 nempe
1282 3650 1406 3682 viam
1443 3634 1619 3689 salutis,
1640 3643 1689 3681 et

679 3699 936 3746 doctrinam
962 3698 1254 3750 humilitatis.
1277 3697 1342 3745 ib.

620 3763 818 3811 Poeaeos
839 3762 1066 3812 vanitates
1091 3761 1264 3817 noxiae,
1289 3761 1368 3816 13,
1389 3762 1468 3808 14.

619 3828 913 3876 Pontitianus
968 3827 1101 3880 Afer.
1145 3826 1197 3874 in
1228 3825 1406 3889 palatio
1464 3823 1686 3878 militans,

682 3893 978 3942 Christianus
999 3899 1046 3940 et
1067 3891 1206 3940 valde
1217 3890 1340 3955 pius,
1358 3891 1470 3938 134.
1509 3889 1688 3938 Narrat

681 3961 835 4022 Aug⁰.
873 3956 1071 4006 Antonii
1118 3954 1345 4004 Monachi
1381 3955 1540 4006 vitam,
1581 3956 1687 4007 135.

686 4023 793 4070 143.
839 4030 888 4070 et
925 4022 1124 4070 duorum
1166 4020 1420 4083 Agentium
1461 4019 1510 4066 in
1550 4019 1689 4067 rebus

681 4087 1045 4140 conversionem,
1073 4086 1183 4133 135.

619 4150 960 4200 Praedicatores
982 4148 1230 4213 Evangelii
1268 4147 1414 4196 nubes
1447 4147 1686 4202 dicuntur,

681 4215 797 4262 260.
834 4213 957 4279 Ipsis
972 4215 1200 4262 debentur
1220 4212 1493 4266 necessaria,
1507 4219 1555 4258 et
1572 4226 1682 4274 quo·

681 4279 839 4333 modo.
878 4279 994 4326 272.
1051 4278 1300 4336 Quomodo
1339 4286 1533 4348 possunt
1571 4291 1686 4337 gau-

681 4345 790 4392 dere
811 4346 872 4392 de
892 4343 1012 4390 datis
1033 4343 1118 4393 nbi
1141 4340 1393 4392 beneficiis.
1409 4340 1473 4387 ib.
1511 4341 1682 4388 Trans-

683 4416 798 4454 eunt
840 4423 900 4456 ex
947 4407 1034 4454 hac
1080 4408 1173 4454 vita
1217 4406 1262 4453 in
1328 4405 1467 4452 aliam
1526 4404 1684 4459 vitam,

684 4471 915 4537 scriptura
939 4487 1046 4520 vero
1067 4479 1230 4519 sancta
1254 4478 1509 4534 permanet,
1531 4470 1646 4518 260.

1554 315 1873 376 INDEX.

1742 477 2043 536 Praesidatus,
2064 480 2100 528 i.
2119 495 2165 528 e.
2189 479 2418 528 Praesidis
2440 471 2633 538 munus,
2662 479 2743 527 98.

1741 543 2079 592 Praetoriannm
2102 543 2320 608 pretium,
2342 545 2426 598 96.
2448 551 2497 593 et
2518 559 2566 590 n.
2588 557 2593 564 ·
2622 541 2633 552 “

1742 613 1775 636 “
1806 606 1979 656 Preces
2022 625 2107 675 pro
2152 609 2380 657 mortui?
2422 606 2635 672 dogmati
2682 606 2826 655 Eccl.

1807 671 1950 720 Rom.
1972 673 2031 721 de
2056 672 2329 736 Purgatorio
2360 671 2598 721 adversari
2619 671 2821 735 quinam

1805 737 2106 795 ostenderint,
2135 738 2245 796 165,
2265 753 2311 785 n.

1743 801 2051 865 Principium.
2091 801 2344 861 Quomodo
2373 801 2673 864 intelligatur
2704 799 2825 846 illud

1806 866 2063 921 Geneseos‚
2088 872 2121 894 ‘⁸
2147 869 2195 913 in
2215 869 2440 929 principio
2469 867 2599 914 Deus
2623 867 2823 921 creavit,

1803 931 1919 986 &cl'
1938 932 2037 978 210
2056 946 2161 994 sqq.

1742 994 1880 1042 Prius
1898 995 2079 1058 aliquid
2101 994 2271 1042 dicitur
2290 994 2571 1050 aeternitate,
2590 1003 2826 1057 tempore,

1804 1059 2054 1112 electione.
2072 1059 2266 1122 origiue,
2287 1061 2405 1106 246.

1747 1123 2041 1171 Psalmorum
2064 1133 2234 1185 cantps
2264 1133 2363 1172 toto
2399 1121 2672 1171 Christiano
2708 1123 2826 1169 orbe

1808 1188 2021 1244 celebris.
2059 1189 2170 1244 150,
2199 1189 2307 1236 156.
2355 1187 2565 1245 Quando
2597 1186 2829 1234 inductus

1810 1253 2095 1308 Mediolani,
2124 1255 2229 1302 155.
2278 1254 2548 1301 Cantantur
2572 1250 2751 1298 Psalmi
2774 1251 2825 1298 in

1808 1315 1971 1365 funere
1992 1317 2345 1369 defunctorum.
2373 1317 2481 1364 164.
2510 1316 2559 1363 in
2582 1315 2827 1371 Ecclesia,

1811 1382 1920 1429 192.
1956 1383 2033 1430 De
2054 1381 2199 1430 hocce
2219 1393 2363 1429 cantu
2383 1379 2497 1445 quid
2521 1379 2829 1428 Athanasius

1806 1447 2019 1502 senserit,
2058 1448 2168 1496 192.
2200 1445 2313 1510 quid
2354 1445 2663 1508 Augustinus,
2705 1446 2827 1492 193.

1808 1509 1985 1558 Psalmi
2008 1509 2178 1559 litterae
2200 1513 2259 1559 de
2284 1505 2425 1558 melle
2457 1509 2571 1557 coeli
2607 1509 2827 1564 melleae,

1808 1576 1917 1623 153.
1961 1574 2229 1640 Explicatio
2267 1573 2449 1622 Psalmi
2477 1574 2525 1620 iv
2555 1579 2569 1600 ⁸
2598 1574 2715 1620 Cum
2752 1575 2833 1620 in-

1804 1639 2041 1696 vocarem,'
2072 1641 2342 1689 150—152.
2372 1637 2667 1686 Psalmornm
2684 1637 2755 1686 vis
2780 1646 2835 1686 et

1805 1703 1993 1760 utilitas,
2028 1706 2139 1759 155,
2170 1706 2280 1759 150,
2305 1704 2416 1760 164,
2440 1719 2489 1750 ιι.

1744 1765 2023 1880 Psgllterium
2044 1770 2208 1818 decem
2230 1769 2509 1816 chordarum
2520 1803 2531 1823 ‚
2546 1767 2811 1832 decalogus
2821 1803 2834 1823 ,

1748 1895 1934 1945 Puellae
1956 1895 2259 1947 instituendae
2282 1898 2466 1949 modus.
2495 1897 2587 1944 157
2608 1912 2680 1960 sq.

1746 1961 1891 2008 Pueri
1912 1961 1961 2008 in
1981 1963 2119 2010 rebus
2136 1979 2227 2010 uon
2252 1961 2383 2011 vanis
2404 1961 2702 2016 instituendi,
2730 1961 2811 2008 13.

1750 2025 1971 2074 Pueritiae
2013 2028 2130 2075 vitia
2174 2027 2235 2074 ad
2292 2027 2601 2074 succedentes
2656 2032 2833 2072 aetates

1812 2099 2071 2148 transeunt,
2094 2090 2143 2146 6,
2172 2093 2247 2140 16.

1752 2153 2059 2202 Pulchritudo
2078 2155 2210 2219 quid,
2230 2155 2339 2204 etin
2362 2170 2457 2218 quo
2478 2153 2723 2208 consistat,
2742 2155 2834 2202 56.

1819 2219 2194 2268 Pulchritudines
2233 2221 2484 2268 exteriores
2518 2233 2547 2266 a
2584 2218 2685 2267 Dei
2720 2218 2831 2284 pul·

1812 2284 2077 2332 claritudine
2098 2285 2310 2341 veniunt,
2338 2286 2447 2332 194.

1750 2348 2009 2396 Pulchrum
2048 2349 2284 2405 definitur,
2308 2352 2405 2398 ·58.
2453 2349 2525 2395 De
2550 2347 2753 2395 Pulchro
2787 2358 2835 2394 et

1812 2415 1930 2474 Apta
1949 2414 2045 2462 duo
2060 2423 2139 2462 aut
2150 2422 2241 2462 tres
2255 2413 2401 2462 libros
2412 2412 2575 2461 scribit
2601 2412 2731 2476 Aug.
2742 2413 2827 2460 57.

1752 2476 1959 2539 Pylades
1981 2487 2029 2527 et
2050 2479 2257 2535 Orestes,
2280 2481 2359 2526 51.

2255 2674 2319 2732 Q.

1750 2801 1993 2858 Quaerere.
2030 2801 2291 2848 Veritatem
2326 2800 2405 2864 qui
2446 2815 2538 2847 non
2573 2798 2651 2864 pie
2688 2813 2825 2862 quae·

1817 2873 1944 2919 runt,
1966 2879 2058 2912 non
2078 2865 2341 2920 inveniunt,
2366 2866 2448 2913 66.

1751 2929 2081 2986 Quaestionum
2122 2929 2210 2977 tria
2245 2945 2435 2992 genera,
2478 2943 2539 2976 an
2590 2927 2667 2983 sit,
2706 2926 2829 2991 quid

1816 2994 1892 3051 sit,
1950 2995 2055 3042 uale
2074 2993 2152 3051 sit,
2174 2995 2281 3042 175.

1752 3058 1900 3114 Quies
1940 3066 2091 3107 rustra
2112 3060 2338 3120 quaeritur
2360 3058 2407 3105 in
2432 3055 2657 3106 creaturis
2690 3055 2831 3114 fuga-

1816 3122 1969 3180 cibus,
1990 3125 2073 3179 53,
2098 3125 2181 3178 54,
2201 3126 2280 3173 55.
2326 3124 2386 3171 In
2410 3124 2519 3171 Deo
2548 3119 2650 3168 solo
2679 3119 2831 3166 liabe-

1818 3196 1910 3241 tur,
1934 3189 2076 3243 1.24.
2118 3188 2195 3236 Ibi
2212 3196 2283 3236 est
2302 3188 2437 3236 locus
2459 3185 2631 3249 quietis
2654 3183 2830 3247 imper-

1819 3252 2085 3326 turbabiliS,
2106 3253 2189 3300 ubi
2220 3268 2313 3300 non
2348 3252 2579 3300 deseritur
2616 3263 2766 3304 amor,
2791 3251 2831 3294 si

1817 3317 2371 3445 ὲῖῗέῗὲιάῗὶξὶῗέἱιῗέ·
2386 3313 2833 3433 .ἷιθ’ἑὲ.“3ἓ..ῗέὲίῗ

1820 3445 1968 3494 donec
1991 3445 2042 3493 in
2076 3447 2185 3495 Deo
2208 3447 2490 3510 requieseat,
2516 3447 2563 3492 1.
2606 3441 2835 3490 Ostendit

1819 3511 1956 3558 Deus
1975 3525 2117 3573 quam
2142 3526 2362 3574 magnam
2393 3516 2655 3558 creaturam
2686 3507 2831 3554 ratio-

1819 3575 1973 3622 nalem
2009 3573 2186 3630 fecerit,
2208 3575 2285 3624 cui
2319 3575 2451 3624 nullo
2484 3572 2626 3619 modo
2659 3571 2834 3618 sufficit

1820 3637 1881 3685 ad
1892 3640 2079 3686 beatam
2098 3641 2302 3704 requiem
2317 3636 2545 3703 quidquid
2558 3637 2659 3701 ipso
2676 3635 2833 3683 minus

1818 3711 1908 3760 est,
1930 3705 2045 3750 253.
2086 3705 2287 3768 Ignavia
2308 3703 2445 3768 quasi
2459 3701 2663 3765 quietern
2686 3715 2831 3764 appe·

1818 3767 1891 3822 fit»
1904 3783 2013 3830 quae
2036 3783 2143 3816 vero
2163 3769 2298 3831 quies
2318 3777 2447 3816 certa
2467 3773 2638 3833 praeter
2658 3764 2829 3812 Domi-

1817 3835 1961 3879 num!
2015 3833 2098 3880 24.
2166 3833 2316 3890 Quies
2358 3841 2429 3881 est
2485 3830 2615 3894 apud
2668 3830 2831 3877 Deum

1816 3894 1977 3948 valde.
1993 3905 2043 3943 et
2064 3897 2158 3945 vita
2177 3895 2595 3963 imperturbabilis,
2614 3894 2701 3941 26.
2730 3893 2835 3941 17ἰά.

1820 3959 2043 4022 Requies.

2261 4089 2323 4138 R.

1758 4214 1987 4326 113]ρέἑεῖ
1996 4217 2245 4327 Qssuomodo
2258 4217 2411 4282 rapiat
2422 4217 2669 4266 hominem
2683 4217 2837 4270 Deus.

1755 4343 2069 4454 Relgfgeratio
2105 4359 2184 4408 per
2226 4344 2543 4410 Baptismum,
2584 4345 2699 4400 128,
2729 4345 2834 4392 166.

1756 4472 2099 4536 Reliquiarium
2129 4475 2267 4534 Evae,
2290 4476 2369 4522 72.
