3042 5059
619 377 1332 442 CONFESSIONUM
1378 378 1661 442 LIBER
1704 379 1900 442 XIII.
2232 383 2357 442 265

149 533 508 618 praeposito
549 532 661 596 illo
703 532 826 596 sibi
870 531 954 597 ad
992 534 1450 613 auctoritatem,
1485 535 1607 596 sub
1650 556 1777 618 quo
1822 535 2158 598 volitarent
2198 553 2357 617 quo-

151 655 438 718 cumque
485 635 665 698 irent.
754 635 984 717 Neque
1041 635 1212 697 enim
1261 641 1415 697 sunt
1463 636 1723 717 loqu-elce
1772 657 1977 719 neque
2032 655 2360 714 sermones,

2372 646 2589 703 Palu.

155 758 431 820 quorum
462 759 589 799 non
617 737 985 800 audiantur
1012 759 1185 800 voces
1212 757 1453 812 eorum,
1473 736 1731 820 quando
1754 739 1825 799 in
1846 759 2092 801 omnem
2116 747 2357 802 terram
2372 714 2421 760 ⁵⁹

155 839 329 900 exiit
357 859 550 900 sonu-s·
575 859 816 915 eorum,
843 845 910 900 et
945 839 1018 899 in
1035 839 1220 919 fines
1245 837 1413 900 orbis
1442 845 1633 900 terrae
1660 837 1846 900 verba
1876 860 2092 901 eorum
2105 864 2129 908 ;
2202 862 2360 924 quo-

161 937 340 999 niam
368 946 463 1014 tu,
491 937 789 1014 Domine,
820 937 1245 1000 benedicendo
1273 939 1733 1018 multiplicasti
1759 937 1920 1000 haec.

249 1045 354 1100 27.
402 1038 738 1122 Numquid
793 1040 1084 1117 mentior,
1135 1047 1248 1103 aut
1294 1041 1608 1103 mixtione
1658 1039 1920 1117 misceo,
1969 1061 2181 1123 neque
2230 1039 2359 1103 dis-

163 1140 386 1220 tinguo
422 1137 674 1201 lucidas
719 1139 1124 1219 cognitiones
1161 1140 1388 1203 harum
1422 1161 1629 1202 rerum
1657 1140 1725 1201 in
1757 1140 2154 1202 firmamento
2190 1141 2360 1216 coeli,

167 1248 230 1302 et
263 1259 462 1321 opera
499 1239 856 1322 corporalia
888 1239 956 1300 in
995 1239 1244 1303 undoso
1280 1240 1459 1318 mari,
1491 1248 1557 1303 et
1584 1238 1705 1303 sub
1737 1240 2131 1304 firmamento
2166 1240 2356 1304 coeli?

169 1341 452 1410 Quarum
498 1339 670 1400 enim
712 1359 921 1400 rerum
965 1339 1210 1403 notitiae
1256 1347 1406 1402 sunt
1449 1339 1692 1428 solidae,
1731 1347 1796 1403 et
1831 1339 2179 1403 terminatae
2224 1340 2359 1404 sine

165 1437 571 1501 incrementis
641 1439 1138 1518 generationum,
1205 1447 1510 1523 tanquam
1577 1439 1823 1502 lumina
1887 1442 2227 1520 sapientiae
2296 1449 2361 1504 et

164 1541 462 1615 scientiae,
491 1538 853 1601 earumdem
893 1558 1100 1602 rerum
1131 1547 1281 1602 sunt
1316 1539 1717 1622 operationes
1755 1541 2113 1622 corporales
2145 1542 2363 1604 multae

166 1663 240 1706 ac
278 1639 506 1716 variae3
559 1647 623 1703 et
661 1638 838 1702 aliud
879 1660 964 1702 ex
995 1640 1119 1702 alio
1150 1640 1494 1704 crescendo
1523 1639 2029 1724 multiplicantur
2063 1641 2131 1703 in
2172 1643 2364 1705 bene-

165 1741 451 1804 dictione
493 1748 624 1816 tua,
661 1740 865 1820 Deus,
899 1741 1012 1822 qui
1050 1743 1418 1804 consolatus
1457 1761 1527 1803 es
1565 1740 1825 1804 fastidia
1862 1762 2163 1805 sensuum
2200 1761 2363 1804 mor-

159 1843 410 1919 talium,
461 1848 536 1902 ut
582 1841 654 1902 in
702 1841 1070 1922 cognitione
1122 1841 1319 1904 animi
1373 1861 1472 1903 res
1530 1861 1661 1903 una
1716 1841 1932 1904 multis
1986 1841 2197 1904 modis
2250 1861 2369 1924 per

163 1944 452 2025 corporis
497 1942 814 2005 motiones
863 1941 1169 2022 figuretur
1217 1947 1409 2026 atque
1453 1940 1742 2003 dicatnr'.
1832 1943 2037 2025 Aquae
2080 1941 2365 2025 produx-

161 2053 352 2109 erunt
390 2046 569 2121 haec3
632 2045 746 2107 sed
783 2045 854 2106 in
893 2047 1086 2107 verbo
1129 2052 1258 2108 tuo.
1349 2041 1785 2107 Necessitates
1825 2045 2241 2108 alienatorum
2283 2047 2363 2108 ab

164 2147 516 2210 aeternitate
554 2145 836 2208 veritatis
873 2153 1000 2208 tuae
1037 2146 1420 2229 populorum
1464 2143 1907 2225 produxerunt
1945 2145 2109 2222 haec,
2148 2143 2259 2207 sed
2298 2145 2365 2206 in

161 2247 524 2328 Evangelio
568 2256 720 2323 tu03
781 2247 1084 2329 quoniam
1126 2246 1288 2328 ipsae
1333 2263 1516 2326 aquae
1560 2245 1688 2307 ista
1728 2244 2070 2328 ejecerunt,
2101 2267 2367 2329 quarum

164 2369 420 2412 amarus
446 2348 719 2428 languor
745 2347 866 2411 fuit
893 2369 1087 2410 causa
1114 2354 1188 2408 ut
1211 2347 1282 2407 in
1309 2355 1421 2409 tuo
1455 2348 1646 2409 verbo
1676 2346 1801 2408 ista
1828 2346 2262 2428 procederent.

227 2435 358 2512 '28.
404 2451 497 2511 Et
531 2448 804 2531 pulchra
843 2454 992 2509 sunt
1031 2446 1246 2509 omnia
1283 2446 1557 2509 faciente
1597 2453 1682 2523 te,
1713 2455 1778 2508 et
1815 2467 1965 2510 ecce
2006 2456 2077 2510 tu
2117 2449 2366 2512 inenar-

163 2549 452 2613 rabiliter
477 2547 807 2630 pulchrior
829 2547 942 2631 qui
969 2546 1179 2610 fecisti
1194 2545 1436 2609 omnia:
1484 2568 1523 2608 a
1546 2544 1718 2629 quo*
1744 2547 1797 2612 si
1814 2568 1944 2609 non
1966 2559 2133 2612 esset
2148 2550 2367 2631 lapsus

163 2649 398 2726 Adam,
425 2668 559 2710 non
589 2645 1046 2709 diffunderetur
1086 2668 1171 2710 ex
1214 2654 1394 2710 utero
1437 2645 1577 2729 ejus
1622 2648 1877 2728 salsugo
1921 2648 2134 2725 mariS,
2166 2670 2367 2730 genus

164 2749 522 2813 humanum
586 2747 902 2830 profunde
972 2747 1314 2826 curiosum,
1372 2754 1438 2809 et
1490 2748 1847 2829 procellose
1910 2748 2245 2824 tumidum,
2304 2758 2370 2811 et

165 2850 550 2914 instabiliter
594 2847 902 2924 fluidum3
965 2855 1156 2930 atque
1204 2848 1298 2910 ita
1339 2867 1472 2909 non
1517 2869 1683 2930 opus
1727 2854 1895 2910 esset
1942 2855 2015 2910 ut
2063 2848 2132 2909 in
2182 2853 2371 2932 aquis

165 2953 394 3014 multis
444 2948 856 3031 corporaliter
901 2956 966 3011 et
1009 2947 1392 3010 sensibiliter
1442 2955 1849 3030 operarentur
1896 2947 2369 3030 dispensatores

167 3053 265 3116 tui
303 3050 582 3134 mystica
619 3049 790 3113 facta
830 3057 895 3113 et
931 3046 1123 3111 dicta.
1213 3047 1322 3110 Sic
1365 3047 1536 3110 enim
1574 3047 1735 3109 mihi
1763 3069 1936 3110 nunc
1967 3058 2371 3111 occurrerunt

165 3153 424 3238 reptilia
463 3160 529 3216 et
566 3151 870 3227 volatilia,
901 3150 1137 3235 quibus
1176 3150 1407 3212 imbuti
1447 3157 1511 3212 et
1552 3149 1785 3213 initiati
1824 3149 2117 3212 homines
2146 3172 2369 3235 corpo-

168 3254 410 3316 ralibus
441 3252 852 3316 sacramentis
881 3252 1145 3328 subditi,
1172 3273 1303 3313 non
1332 3253 1499 3314 ultra
1527 3253 1932 3335 proficerent,
1960 3252 2084 3314 nisi
2115 3253 2368 3336 spiritu-

175 3355 356 3417 aliter
374 3355 726 3416 vivesceret
752 3352 966 3415 anima
995 3351 1196 3432 gradu
1213 3351 1362 3429 alio,
1384 3359 1449 3414 et
1473 3360 1628 3434 post
1653 3352 1821 3415 initii
1838 3355 2101 3416 verbum
2129 3353 2199 3416 in
2218 3375 2369 3417 con·

174 3455 662 3518 summationem
688 3454 1050 3537 respiceret.

257 3561 365 3620 29.
413 3559 510 3619 Ac
540 3577 654 3638 per
678 3556 806 3618 hoc
835 3556 906 3616 in
934 3555 1126 3617 verbo
1155 3560 1268 3616 tuo
1306 3575 1437 3616 non
1475 3557 1667 3619 maris
1696 3556 2117 3639 profunditaS,
2148 3558 2263 3621 sed
2291 3561 2372 3620 ab

171 3679 487 3743 aquarum
522 3657 940 3721 amaritudine
977 3664 1140 3720 terra
1177 3655 1454 3720 discreta
1497 3656 1747 3741 ejecit‘,
1778 3681 1907 3722 non
1944 3661 2193 3743 reptilia
2240 3663 2373 3725 ani-

167 3783 420 3824 marum
451 3761 734 3823 vivarum
765 3768 829 3823 et
854 3758 1157 3834 volatilia,
1187 3759 1301 3821 sed
1332 3761 1608 3824 animam
1636 3762 1865 3825 vivam.
1942 3765 2173 3847 Neque
2203 3765 2372 3828 enim

159 3865 300 3949 jam
345 3885 510 3948 opus
548 3865 746 3928 habet
771 3865 1108 3946 Baptismo
1149 3883 1277 3945 quo
1319 3865 1618 3942 gentibus
1657 3886 1821 3947 opus
1859 3872 1975 3940 est,
2006 3867 2174 3928 sicut
2211 3889 2375 3950 opus

168 3967 459 4028 habebat
511 3986 656 4028 cum
707 3965 893 4049 aquis
944 3968 1296 4044 tegeretur3
1364 3983 1493 4024 non
1534 3963 1703 4024 enim
1740 3966 2037 4026 intratur
2080 3966 2262 4029 aliter
2304 3971 2376 4030 in

165 4090 444 4150 reqnum
489 4071 786 4132 coelorum
833 4088 916 4128 ex
959 4066 1071 4126 illo
1115 4083 1243 4145 quo
1286 4062 1619 4126 instituisti
1660 4072 1731 4126 ut
1769 4064 1861 4127 sic
1905 4065 2207 4128 intretur:
2254 4089 2371 4133 nec

238 4219 254 4256 1
291 4219 530 4268 Dominus
553 4220 687 4267 Deus
720 4226 872 4267 noster
901 4217 1042 4265 fidem
1072 4215 1121 4264 in
1151 4218 1246 4279 qua
1309 4230 1453 4264 unam
1477 4214 1827 4264 commendans.
1895 4217 2006 4265 Una
2033 4217 2156 4266 enim
2185 4221 2371 4268 eadem-

166 4283 394 4342 vivimus,
427 4293 476 4332 et
511 4299 569 4331 ex
609 4299 704 4347 qua
736 4283 951 4338 vivimus,
984 4297 1070 4346 per
1106 4281 1248 4328 libros
1311 4295 1405 4344 que
1447 4295 1519 4327 res
1561 4281 1663 4328 ideo
1699 4280 1860 4328 multis
1900 4281 2048 4330 modis
2089 4281 2277 4338 dicitur,
2320 4294 2373 4332 ut

169 4357 385 4407 sanctos,
419 4347 682 4412 Scripturas
718 4355 905 4394 sanctas
933 4345 1250 4410 multipliciter
1314 4344 1453 4392 modo
1474 4343 1575 4408 ipso
1597 4344 1784 4392 dicendi
1818 4354 2005 4409 propter
2038 4346 2267 4395 fastidium
2292 4363 2372 4395 va-

168 4413 316 4460 nobis
341 4411 558 4475 varieque
591 4410 797 4466 diffudit,
821 4418 1115 4458 sacramenta
1143 4408 1246 4473 qui·
1312 4408 1470 4462 rietur,
1482 4408 1565 4456 sed
1588 4417 1773 4481 propter
1790 4409 2082 4480 concordiam
2100 4425 2193 4459 una
2211 4421 2372 4461 tenea·

169 4479 282 4526 dem
343 4476 592 4525 verborum
649 4474 849 4530 varians,
897 4474 1036 4523 fidem
1092 4482 1248 4522 tamen
1313 4479 1406 4521 tur.
1445 4473 1569 4535 Aug.
1594 4488 1641 4520 ιιι
1666 4473 1748 4521 Ps.
1775 4475 1851 4520 46.
1876 4473 1975 4521 init.

2434 3574 2575 3622 XXI.

2392 3637 2449 3684 Iu
2476 3656 2570 3689 ver.

2388 3702 2467 3748 24:
2498 3705 2609 3752 Pro.

2386 3767 2522 3815 ducat

2391 3839 2513 3878 terra

2391 3909 2586 3946 animam

2394 3960 2541 4009 vivam

2390 4020 2477 4069 &a

2389 4092 2499 4147 Joh.
2522 4102 2570 4158 3,

2388 4159 2434 4206 5.
