3042 5059
769 390 1490 459 CONFESSIONUM
1537 396 1821 459 LIBER
1864 398 1980 459 VI.
2396 398 2477 458 88

259 546 688 629 promiseras3
730 546 1168 631 placidissime
1209 559 1274 613 et
1314 559 1571 634 pectore
1612 552 1807 635 pleno
1849 551 2105 614 fiduciae
2148 550 2481 634 respondit

153 704 160 709 .
261 649 448 725 mihi,
501 649 756 713 credere
809 672 878 713 se
928 650 997 711 in
1051 650 1330 728 Christo,
1382 651 1559 735 quod
1615 652 1993 735 priusquam
2044 651 2124 715 de
2172 653 2297 717 hac
2346 653 2481 715 vita

263 750 620 831 emigraret,
649 772 752 814 me
781 752 996 814 visura
1037 759 1206 815 esset
1246 752 1502 816 fidelem
1544 753 1951 817 catholicum.
2041 755 2133 816 Et
2168 754 2295 817 hoc
2337 754 2479 837 qui·

265 850 412 914 dem
483 852 664 914 mihi.
733 866 738 870 ’
783 852 937 916 Tibi
995 860 1229 930 autem,
1287 853 1432 917 fons
1487 854 2079 930 misericordiarum,
2135 874 2363 937 preces
2416 863 2482 919 et

263 954 582 1036 lacrymas
621 954 946 1019 densiores
957 953 1010 1033 ⁸,
1037 964 1114 1019 ut
1154 958 1542 1020 accelerares
1586 956 1970 1041 adjutorium
2008 964 2189 1019 tuum
2229 964 2293 1018 et
2332 956 2478 1019 illu-

261 1056 541 1119 minares
585 1058 878 1119 tenebras
920 1078 1132 1133 meas3
1179 1066 1246 1121 et
1288 1057 1638 1121 studiosius
1678 1058 1764 1120 ad
1801 1058 2167 1121 Ecclesiam
2210 1078 2480 1135 currere,

263 1156 426 1219 etin
457 1156 868 1221 Ambrosium
884 1154 914 1185 ³*
943 1178 1056 1221 ora
1096 1158 1427 1242 suspendi,
1455 1158 1549 1221 ad
1568 1159 1831 1241 fontem
1864 1160 2158 1241 salientis
2188 1180 2373 1243 aquoe
2404 1161 2479 1221 in
2496 1161 2525 1211 J
2532 1160 2606 1209 oh.
2630 1164 2679 1219 4,

261 1260 468 1321 vitam
497 1266 830 1323 (eternam.
919 1258 1255 1340 Diligebat
1285 1264 1500 1323 autem
1528 1259 1711 1322 illum
1738 1260 1946 1323 virum
1974 1262 2147 1323 sicut
2174 1262 2477 1342 angelum
2500 1227 2615 1353 23⁴2,-
2636 1305 2686 1363 4,

263 1360 419 1437 Dei,
437 1359 618 1443 quod
642 1380 760 1444 per
784 1360 966 1433 illurn
996 1367 1380 1442 cognoverat
1405 1382 1508 1423 me
1536 1360 1789 1423 interim
1819 1361 1903 1424 ad
1930 1362 2106 1426 illam
2136 1361 2481 1446 ancipitem
2500 1369 2581 1417 14.

259 1460 746 1525 fluctuationem
776 1461 915 1547 jam
956 1482 1096 1525 esse
1133 1460 1534 1546 perductum,
1562 1482 1679 1545 per
1708 1483 1902 1546 quam
1933 1464 2345 1527 transiturum
2376 1484 2481 1528 me

261 1565 348 1627 ab
393 1563 774 1645 aegritudine
819 1565 904 1629 ad
948 1566 1306 1643 sanitatem,
1327 1566 1785 1630 intercurrente
1822 1568 2091 1632 arctiore
2126 1567 2415 1651 periculo
2426 1564 2481 1645 ³,

263 1666 455 1749 quasi
502 1686 621 1750 per
662 1666 1097 1731 accessionem
1147 1688 1344 1751 quam
1393 1667 1683 1732 criticam
1732 1668 1969 1733 medici
2012 1677 2265 1746 vocant,
2309 1676 2483 1733 certa

262 1768 714 1851 praesumebat.

351 1873 414 1930 2.
462 1870 694 1951 Itaque
745 1888 894 1931 cum
943 1867 1044 1930 ad·
1076 1868 1465 1932 Memorias⁸
1504 1875 1890 1945 sanctorum,
1934 1867 2105 1932 sicut
2152 1869 2221 1930 in
2265 1866 2483 1931 Africa
2574 1875 2647 1923 ΙΙ.

263 1970 537 2046 solebat,
557 1971 773 2053 pultes
805 1978 869 2033 et
895 1990 1128 2053 panem
1157 1977 1224 2033 et
1251 1990 1496 2033 merum
1526 1968 1863 2047 attulisset,
1885 1976 2079 2053 atque
2108 1969 2190 2033 ab
2222 1968 2481 2033 ostiario
2498 1940 2673 2067 {¹³:32⁸

265 2070 744 2154 prohiberetur3
788 2070 904 2135 ubi
941 2071 1069 2133 hoc
1109 2070 1488 2153 episcopum
1530 2070 1810 2133 vetuisse
1852 2069 2174 2151 cognovit,
2204 2076 2337 2132 tam
2374 2069 2482 2152 pie
2502 2068 2637 2115 ⁰⁸⁸³ss

263 2179 463 2255 atque
507 2171 880 2235 obedienter
923 2173 1228 2255 amplexa
1271 2181 1388 2250 est,
1425 2179 1501 2235 ut
1543 2172 1686 2255 ipse
1728 2171 2029 2235 mirarer*
2059 2192 2255 2255 quam
2296 2170 2483 2235 facile
2501 2132 2716 2263 :Essfflm

264 2273 634 2337 accusatrix
663 2273 879 2356 potius
911 2270 1399 2335 consuetudinis
1447 2294 1602 2350 suae,
1632 2294 1826 2357 quam
1858 2273 2281 2356 disceptatrix
2309 2273 2484 2337 illius
2503 2268 2679 2375 ζᾞξῖ·

261 2374 726 2458 prohibitionis
765 2376 994 2438 effecta
1033 2374 1133 2437 sit.
1222 2376 1376 2437 Non
1417 2374 1589 2436 enim
1633 2373 1968 2438 obsidebat
2008 2374 2304 2457 spiritum
2347 2374 2485 2458 ejus

263 2476 640 2553 vinolentia,
669 2496 938 2559 eamque
977 2476 1349 2539 stimulabat
1385 2474 1457 2537 in
1499 2474 1721 2537 odium
1750 2474 1884 2538 veri
1922 2497 2100 2539 amor
2128 2476 2285 2553 vini,
2320 2476 2488 2539 sicut

264 2578 612 2661 plerosque
641 2596 846 2639 mares
875 2586 941 2640 et
970 2576 1261 2653 feminas,
1291 2576 1406 2659 qui
1436 2575 1520 2639 ad
1550 2575 1872 2640 canticum
1904 2577 2287 2655 sobrietatiS,
2318 2578 2489 2640 sicut
2562 2660 2567 2667 1

266 2676 354 2741 ad
379 2678 713 2762 potionem
741 2683 1042 2761 aquatam
1069 2676 1312 2740 madidi
1339 2687 1669 2741 nauseant.
1760 2678 1889 2741 Sed
1918 2679 2031 2742 illa
2060 2700 2207 2743 cum
2238 2679 2484 2743 attulis—

267 2786 368 2841 set
425 2778 774 2841 canistrum
835 2798 984 2841 cum
1044 2777 1440 2840 solemnibus
1497 2778 1710 2862 epulis
1764 2780 2236 2861 praegustandis
2294 2788 2487 2863 atque

264 2879 636 2961 largiendiS,
667 2880 816 2963 plus
857 2879 1052 2943 etiam
1091 2899 1287 2962 quam
1325 2900 1529 2941 unum
1564 2877 1913 2962 pocillum*
1943 2901 2063 2963 pro
2108 2902 2225 2943 suo
2266 2882 2486 2965 palato

269 2981 426 3044 satis
487 2980 702 3043 sobrio
761 2986 1204 3062 temperatum,
1261 2979 1436 3042 unde
1499 2978 1939 3060 dignationem
2006 2989 2301 3058 sumeret,
2355 3003 2487 3044 non

267 3082 574 3165 ponebat.
664 3084 756 3145 Et
812 3081 868 3144 si
927 3082 1144 3143 multae
1203 3087 1436 3157 essent,
1490 3102 1635 3165 quae
1694 3082 1807 3144 illo
1866 3080 2059 3143 modo
2108 3081 2489 3145 videbantur

335 3234 361 3263 ⁸
396 3232 506 3280 Nec
537 3240 696 3279 tamen
729 3246 816 3279 nos
843 3230 1021 3279 eisdem
1055 3230 1350 3296 Martyribus
1417 3231 1476 3279 ad
1501 3230 1809 3281 imitationem
1832 3232 1997 3281 talium
2031 3247 2305 3282 coronarum
2342 3241 2485 3296 atque

272 3296 472 3361 templa,
519 3294 802 3351 sacerdotia,
848 3310 1000 3351 sacra.
1032 3304 1082 3345 et
1119 3294 1351 3345 sacrificia
1414 3296 1698 3361 palmarum,
1718 3297 1884 3347 eodem
1918 3298 2134 3346 invocato
2162 3296 2212 3345 in
2236 3296 2483 3353 auxilium,

277 3360 634 3411 constituimus:
688 3361 912 3425 quoniam
961 3376 1055 3409 non
1113 3360 1128 3409 i
1163 3359 1221 3417 si,
1265 3359 1350 3409 sed
1415 3376 1472 3409 ex
1495 3361 1687 3411 illorum
1710 3362 1945 3412 memorias
1980 3361 2280 3411 renovatione
2313 3362 2485 3410 adhor-

276 3427 412 3474 Deus
437 3442 599 3475 eorum
625 3426 763 3475 nobis
792 3432 864 3474 est
901 3426 1052 3474 Deus.
1179 3440 1349 3474 onora-
1418 3428 1599 3474 temur‘l
1666 3428 1994 3491 Quaecumque
2028 3423 2170 3489 igitur
2206 3424 2487 3474 adhibentur

273 3506 382 3538 mus
423 3506 544 3539 sane
591 3489 854 3539 Memor-ias
898 3505 1058 3539 eorum
1107 3498 1352 3553 tamqnam
1417 3490 1739 3553 religiosorum
1757 3490 1983 3553 obsequia
1996 3490 2047 3538 in
2064 3493 2335 3554 Martyrum
2349 3491 2485 3547 locis,

273 3565 544 3603 sanctorum
571 3554 814 3603 hominum
854 3554 970 3614 Dei,
989 3554 1072 3618 qui
1107 3570 1256 3618 usque
1291 3554 1353 3601 ad
1417 3563 1695 3603 ornamenta
1720 3564 1832 3604 sunt
1852 3554 2208 3612 Memoriarum,
2234 3570 2327 3601 non
2351 3570 2487 3604 sacra

274 3628 476 3668 mortem
523 3634 769 3683 corporum
812 3634 1001 3667 suorum
1038 3634 1124 3683 pro
1158 3618 1355 3666 veritate
1420 3618 1496 3667 vel
1520 3620 1750 3668 sacrificia
1786 3628 2069 3669 mortuorum
2102 3628 2342 3683 tamquam
2374 3618 2485 3668 deo-

270 3691 532 3741 certarunt,
574 3693 630 3733 ut
670 3684 983 3733 innotesceret
1019 3698 1126 3732 vera
1169 3682 1350 3745 religio,
1416 3699 1540 3733 rum.
1608 3685 1911 3749 Quicumque
1932 3685 2075 3733 etiam
2100 3700 2125 3732 e
2161 3685 2265 3732 ulas
2286 3699 2397 3732 suas
2429 3699 2487 3733 eo

270 3747 408 3797 salsis
437 3746 656 3811 fictisque
684 3748 938 3796 convictis:
983 3746 1112 3811 quod
1143 3748 1285 3795 etiam
1312 3746 1350 3795 si
1416 3746 1647 3805 deserunt,
1670 3752 1797 3814 quod
1817 3749 2009 3813 quidem
2035 3765 2063 3797 a
2087 3702 2367 3797 Ciiristianis
2388 3764 2486 3797 me·

271 3814 351 3877 qui
377 3820 524 3861 antea
560 3812 847 3869 sentiebant,
884 3812 1094 3860 timendo
1130 3812 1350 3877 reprime·
1413 3810 1609 3861 lioribus
1634 3828 1724 3862 non
1749 3814 1817 3868 fit.
1842 3822 1891 3861 et
1913 3814 1961 3861 in
1985 3812 2222 3879 plerisque
2255 3820 2483 3860 terrarum

270 3878 407 3925 bant.
501 3877 626 3934 Quis
669 3886 828 3927 autem
877 3876 1058 3924 audivit
1091 3876 1350 3941 aliquando
1415 3876 1549 3927 nulla
1585 3878 1693 3927 talis
1726 3886 1799 3927 est
1830 3877 2150 3936 consuetud03
2185 3884 2343 3924 tamen
2378 3876 2484 3939 qui-

271 3941 484 3989 fidelium
523 3948 726 3989 stantem
762 3942 1051 3990 sacerdotem
1088 3940 1150 3989 ad
1195 3941 1343 3989 altare
1406 3942 2032 4005 cumqueidfaciunt,(quas
2044 3957 2151 3990 cum
2166 3940 2485 4007 apposuerint,

270 4006 416 4054 etiam
440 4019 583 4071 super
604 4012 820 4054 sanctum
843 4020 1016 4070 corpus
1036 4005 1264 4065 Martyris
1282 4002 1348 4053 ad'
1408 4012 1560 4061 orant,
1597 4012 1645 4052 et
1678 4006 1915 4060 auferunt,
1939 4015 1990 4055 ut
2027 4013 2290 4063 vescantur,
2313 4004 2391 4053 vel
2426 4021 2486 4055 ex

273 4070 369 4118 Dei
414 4071 641 4119 honorem
687 4070 966 4135 cultumque
1008 4078 1344 4124 constructum,
1409 4067 1478 4117 eis
1495 4068 1637 4117 etiam
1670 4068 1991 4131 indigentibus
2020 4069 2327 4133 largiantur,)
2347 4084 2484 4119 sanc·

271 4134 434 4183 dicere
457 4134 508 4182 in
563 4134 764 4192 recibus,
785 4134 929 4184 offero
949 4134 1037 4183 tibi
1067 4134 1346 4182 sacrificium
1411 4132 1581 4181 tificari
1604 4132 1694 4181 sibi
1721 4149 1802 4182 eas
1838 4133 1997 4183 volunt
2030 4150 2115 4199 per
2149 4136 2317 4183 merita
2348 4134 2483 4182 Mar-

269 4200 435 4255 Petre,
471 4214 531 4247 ve
593 4200 762 4255 Paule,
803 4200 880 4248 vel
923 4200 996 4263 Cy
1031 4198 1192 4257 riane;
1240 4214 1347 4246 cum
1415 4205 1570 4257 tyrum
1616 4198 1667 4245 in
1714 4197 1899 4247 nomine
1944 4198 2139 4248 Domini
2195 4200 2484 4263 Martyrum.

269 4264 401 4330 apud
443 4278 610 4312 eorum
659 4264 920 4313 Memorias
959 4281 988 4313 o
1023 4270 1180 4313 uratur
1223 4264 1350 4320 Deo,
1417 4262 1530 4310 Non
1554 4270 1712 4310 autem
1732 4276 1833 4311 esse
1854 4263 1945 4310 ista
1963 4263 2194 4313 sacrificia
2213 4266 2483 4327 Martyrum

274 4327 360 4392 qui
381 4344 466 4376 eos
487 4338 536 4375 et
556 4328 774 4379 homines
799 4338 848 4379 et
882 4330 1016 4377 Mart
1071 4344 1123 4376 es
1153 4327 1281 4386 fecit,
1304 4335 1352 4376 et
1417 4325 1566 4383 novit,
1590 4326 1673 4391 qui
1697 4326 1826 4376 novit
1858 4344 2025 4381 unum.
2049 4328 2176 4393 quod
2211 4328 2354 4377 etiarn
2386 4327 2485 4375 illic

271 4392 454 4441 sanctis
475 4394 576 4441 suis
599 4393 796 4457 Angelis
817 4392 994 4443 coelesti
1041 4408 1180 4441 onore
1199 4392 1350 4441 socia-
1417 4390 1609 4439 offertur
1642 4392 1921 4441 sacrificium
1957 4393 2345 4442 Christianorum.
2405 4392 2485 4440 De

269 4458 365 4515 vit3
419 4465 475 4505 ut
515 4472 576 4506 ea
617 4458 890 4507 celebritate
922 4465 972 4505 et
1003 4459 1112 4506 Deo
1145 4472 1254 4505 vero
1294 4457 1353 4505 de
1421 4456 1529 4505 Civ.
1554 4456 1665 4516 Dei,
1690 4458 1722 4506 1.
1744 4457 1839 4509 viii.
1860 4474 1902 4507 c.
1925 4458 2003 4505 27.

271 4520 465 4571 illorum
499 4521 708 4572 victoriis
743 4525 918 4587 gratias
951 4538 1164 4587 agamus,
1189 4528 1235 4570 et
1270 4537 1354 4570 nos

1341 4609 1453 4665 <32
