3042 5059
680 397 1402 465 CONFESSIONUM
1446 403 1733 466 LIBER
1777 404 1896 467 IX.
2266 404 2390 469 155

167 553 375 616 nobis
425 551 790 616 sollicitudo
837 554 982 617 vitae
1024 556 1379 639 praeteritae.
1471 558 1611 620 Nec
1662 558 1941 622 satiabar
1985 558 2117 622 illis
2170 557 2398 623 diebus

169 653 525 717 dulcedine
563 653 860 732 mirabili,
901 655 1297 718 considerare
1325 656 1729 719 altitudinem
1774 658 2027 720 consilii
2065 659 2159 722 tui
2208 680 2399 742 super

171 755 458 817 salutem
489 755 740 836 generis
768 754 1051 818 humani.
1118 758 1443 829 Quantum
1471 758 1621 820 flevi
1648 758 1718 820 in
1748 759 2005 840 hymnis
2035 767 2099 822 et
2128 761 2396 823 canticis

171 855 334 933 tuis,
363 876 559 918 suave
589 846 877 918 sonantis
905 857 1222 921 Ecclesiae
1259 865 1384 921 tuae
1420 859 1693 946 vocibus
1731 867 2087 922 commotus
2126 860 2353 922 acriter
2378 857 2391 920 !

171 957 398 1020 Voces
435 956 564 1019 fflae
606 957 965 1021 influebant
1005 958 1264 1021 auribus
1303 959 1485 1037 meiS,
1528 966 1594 1022 et
1636 959 2041 1042 eliquabatur
2067 958 2299 1022 veritas
2326 959 2397 1020 in

171 1078 294 1120 cor
321 1078 574 1134 meum3
621 1067 685 1122 et
711 1061 1113 1122 exaestuabat
1139 1059 1289 1122 inde
1320 1061 1589 1122 affectus
1616 1059 1875 1142 pietatis
1886 1057 1939 1137 ⁸,
1969 1067 2034 1123 et
2062 1060 2399 1123 currebant

167 1159 505 1241 lacrymae,
533 1167 599 1221 et
620 1160 787 1222 bene
815 1160 977 1222 mihi
997 1168 1132 1223 erat
1159 1181 1308 1223 cum
1335 1161 1446 1222 eis.

273 1264 374 1321 15.
424 1261 578 1323 Non
610 1261 805 1342 longe
845 1267 1130 1341 coeperat
1166 1260 1675 1324 Mediolanensis
1711 1261 2011 1325 Ecclesia
2041 1282 2241 1343 genus
2270 1261 2395 1323 hoc
2460 1271 2585 1328 VI'I.

169 1362 644 1426 consolationis
673 1369 740 1425 et
765 1362 1232 1425 exhortationis
1262 1364 1601 1441 celebrare,
1631 1385 1865 1444 magno
1896 1362 2108 1426 studio
2136 1364 2396 1426 flatrum
2410 1343 2589 1456 ἓξὲξ

169 1462 660 1527 concinentium
687 1464 958 1527 vocibus
999 1471 1064 1526 et
1104 1463 1423 1527 cordibus.
1515 1466 1835 1527 Nimirum
1867 1485 2071 1527 annus
2101 1471 2255 1542 erat,
2287 1473 2399 1527 aut
2412 1481 2581 1521 cantus

169 1585 315 1625 non
365 1566 568 1626 multo
627 1564 926 1647 ampliuS‚
980 1585 1127 1626 cum
1183 1565 1228 1626 J
1227 1563 1444 1628 ustina
1494 1565 1931 1628 Valentiniani
1988 1565 2157 1646 regis
2214 1565 2398 1648 pueri
2412 1536 2611 1650 {3²32

169 1672 385 1727 mater
411 1665 737 1727 hominem
775 1672 956 1726 tuum
983 1663 1393 1750 Ambrosium
1430 1669 1945 1746 persequereture
1974 1664 2237 1728 haeresis
2267 1686 2397 1727 suae
2416 1664 2614 1715 diolani.

171 1789 401 1843 causa,
423 1763 592 1850 qua*
615 1766 823 1829 fuerat
843 1765 1108 1829 seducta
1135 1769 1216 1829 ab
1239 1766 1512 1829 Arianis.
1573 1767 1964 1830 Excubabat
1988 1768 2101 1849 pia
2120 1769 2308 1850 plebs
2328 1768 2398 1834 in

171 1868 460 1932 ecclesia
493 1867 657 1931 mori
697 1875 923 1950 parata
963 1889 1111 1930 cum
1149 1867 1458 1950 episcopo
1499 1888 1639 1944 su0‚
1670 1888 1850 1929 servo
1892 1875 2017 1930 tuo.
2108 1869 2214 1931 Ibi
2258 1890 2401 1931 mea

169 1978 405 2046 mater,
435 1970 672 2032 ancilla
714 1977 846 2044 tua,
876 1967 1326 2032 sollicitudinis
1370 1976 1435 2031 et
1462 1968 1827 2048 vigiliarum
1868 1969 2109 2050 primas
2152 1976 2399 2045 tenenS,

170 2070 578 2134 orationibus
607 2071 878 2133 vivebat.
969 2070 1111 2131 Nos
1133 2069 1352 2132 adhuc
1380 2068 1599 2150 frigidi
1638 2090 1678 2131 a
1716 2071 1923 2133 calore
1967 2070 2244 2152 Spiritus
2285 2070 2402 2147 tui,

170 2173 630 2236 excitabamur
685 2181 900 2236 tamen
948 2171 1214 2242 ‚civitate
1272 2170 1541 2234 attonita
1600 2177 1792 2253 atque
1850 2172 2123 2234 turbata.
2213 2172 2401 2234 Tunc

171 2274 408 2356 hymni
439 2282 505 2337 et
530 2272 764 2357 psalmi
798 2281 872 2335 ut
908 2280 1284 2335 canerentur
1321 2270 1673 2334 secundum
1709 2292 1950 2334 morem
1997 2272 2395 2334 orientalium

171 2377 484 2459 partium,
513 2398 594 2439 ne
621 2377 904 2459 populus
947 2375 1236 2438 moeroris
1275 2374 1467 2437 taedio
1505 2375 2006 2452 contabesceret,
2035 2375 2400 2438 institutum

173 2485 317 2555 est3
384 2485 450 2540 et
492 2499 575 2548 ex
618 2477 732 2540 illo
775 2477 848 2538 in
887 2475 1267 2539 hodiernum
1309 2484 1647 2552 retentum,
1676 2476 1894 2539 multis
1927 2475 2065 2558 jam
2111 2497 2185 2539 ac
2232 2485 2433 2562 pene⁸

171 2580 482 2642 omnibus
513 2579 813 2660 gregibus
841 2578 970 2641 tuis
999 2583 1065 2640 et
1090 2598 1207 2660 per
1234 2585 1466 2641 caetera
1495 2578 1669 2640 orbis
1697 2578 2097 2640 imitantibus
2111 2575 2160 2638 ⁴⁵.

270 2681 372 2738 16.
420 2678 606 2739 Tunc
652 2683 998 2738 memorato
1043 2674 1313 2738 antistiti
1357 2681 1468 2737 tuo
1511 2695 1629 2756 per
1673 2674 1880 2736 visum
1924 2673 2227 2756 aperuisti
2268 2695 2398 2757 quo
2417 2685 2638 2736 Iuventio

171 2779 326 2842 loco
353 2780 624 2842 laterent
650 2785 999 2860 martyrum
1032 2797 1304 2859 corpora
1329 2776 1609 2838 Protasii
1654 2783 1721 2838 et
1761 2776 2077 2853 Gervasii,
2110 2798 2255 2859 quae
2284 2798 2399 2860 per
2414 2766 2577 2817 ⁰⁰¹¹*

2414 2831 2517 2862 rum
2541 2817 2629 2866 SS.

173 2886 277 2942 tot
322 2901 529 2942 annos
578 2879 947 2962 incorrupta
1003 2877 1073 2939 in
1131 2877 1430 2940 thesauro
1491 2877 1717 2940 secreti
1776 2877 1871 2940 tui
1928 2877 2396 2956 recondideraS,
2418 2881 2619 2929 protasii

174 2979 354 3042 unde
393 2988 753 3063 opportune
796 3000 1120 3062 promeres
1163 2978 1247 3041 ad
1291 2977 1707 3042 coercendam
1746 2978 1986 3040 rabiem
2036 2978 2396 3057 femineam,
2414 2945 2605 3058 223OE

175 3081 295 3145 sed
353 3081 614 3162 regiam.
735 3081 900 3144 Cum
960 3079 1130 3142 enim
1188 3080 1523 3162 propalata
1580 3086 1645 3141 et
1702 3080 1935 3142 effossa
1991 3078 2189 3160 digno
2251 3102 2398 3144 cum

184 3311 294 3359 147.
317 3327 365 3359 c.
387 3312 469 3359 23.
494 3315 528 3338 “
553 3325 706 3374 neque
738 3309 863 3358 enim
897 3317 944 3358 et
975 3307 1092 3356 mihi
1119 3323 1258 3372 prop·
1309 3307 1545 3370 ferebat.'’
1583 3309 1668 3372 Ep.
1705 3309 1786 3356 22.
1821 3310 1863 3370 β.
1890 3310 1939 3357 2.
2006 3309 2203 3358 Eosdem
2238 3316 2397 3357 tamen

175 3383 304 3424 terea
327 3376 484 3440 placet
503 3375 653 3423 sancti
672 3374 759 3422 viri
776 3373 1014 3422 Ambrosii
1033 3372 1262 3421 sententia
1326 3378 1358 3402 ‘⁸
1373 3373 1509 3437 longe
1523 3372 1747 3437 posterius
1764 3389 1920 3437 passos
1938 3388 2036 3422 esse
2054 3390 2193 3438 quam
2209 3374 2396 3426 beatiss.

178 3438 291 3501 quia
309 3455 395 3504 per
409 3439 536 3488 illius
557 3455 609 3487 os
629 3439 914 3514 potissimum
933 3453 1006 3486 me
1025 3437 1258 3485 Dominus
1325 3437 1649 3503 Stephanum''
1663 3446 1694 3468 ⁸·
1710 3439 1850 3501 probe
1864 3437 2002 3486 sciri''
2016 3439 2395 3503 aitAug.(Serm.

177 3505 242 3551 ab
263 3520 418 3552 errore
451 3504 683 3557 liberavit,
705 3511 753 3552 et
785 3518 868 3566 per
893 3501 1018 3550 illius
1052 3501 1256 3550 ministe-
1321 3503 1462 3562 318.)
1496 3508 1530 3530 “
1562 3502 1661 3550 Sub
1700 3501 1893 3566 ignobili
1926 3502 2117 3566 caespite
2154 3502 2395 3552 latebant''

179 3567 300 3616 rium
324 3569 522 3632 gratiam
541 3568 658 3615 mihi
686 3567 902 3631 baptismi
937 3565 1154 3614 salutaris
1185 3565 1255 3612 in-

177 3632 342 3686 dulsit.
358 3641 584 3696 tanquam
609 3631 856 3696 plantatori
877 3639 925 3680 et
947 3629 1131 3695 rigatori
1148 3645 1256 3678 meo

182 3697 380 3745 nimium
403 3695 640 3744 faveam.”

242 3765 268 3794 ὅ
303 3763 416 3819 Quo
436 3773 507 3810 se.
525 3765 557 3788 ‘⁸
578 3759 828 3808 Basilicam
853 3759 1134 3812 Portianam.
1151 3757 1196 3805 h.
1213 3774 1256 3812 e,

177 3823 826 3882 extramuranam,''Arrianis
841 3823 1042 3871 traderet
1058 3841 1072 3880 3
1097 3830 1256 3887 postea

179 3905 290 3938 vero
314 3895 347 3916 “
370 3888 616 3938 basilicam
639 3903 806 3936 novam
841 3886 888 3936 h.
915 3903 956 3936 e.
978 3887 1256 3935 intramura-

180 3968 310 4007 nam,
331 3969 442 4018 quae
465 3953 617 4016 major
635 3953 756 4008 est,’'
775 3952 952 4018 petivit.
973 3951 1070 3999 vid.
1086 3950 1252 3999 Ambr.

181 4019 306 4082 Epp.
340 4019 558 4066 20-22,
594 4017 743 4066 Serm.
784 4033 826 4065 c.
869 4015 1160 4065 Auxentium
1202 4016 1260 4064 de

773 4099 817 4143 p.
858 4081 1134 4129 852-880.
1175 4080 1250 4128 ed.

180 4145 304 4194 Ben.
349 4146 410 4195 ef.
433 4146 705 4194 'l'illemont-
787 4146 860 4194 ist.
887 4145 1020 4194 Eccl.
1053 4147 1106 4193 S.
1129 4147 1247 4191 Am-

176 4210 346 4268 broise,
384 4211 492 4260 Art.
535 4211 748 4259 44-48,
787 4226 868 4274 pp.
900 4211 1114 4257 76-82,
1179 4209 1250 4255 Eo

173 4282 386 4340 tempore
442 4274 710 4323 Mediolani
751 4283 851 4323 erat
895 4271 1253 4322 Valentinianus

177 4338 268 4388 vid.
290 4339 379 4387 inf.
401 4347 500 4386 not.
520 4355 564 4387 e.

239 4404 266 4440 ἃ
299 4405 468 4466 Longe
503 4411 614 4451 ante
649 4401 884 4451 Ambrosii
919 4410 1103 4466 tempus
1134 4400 1256 4466 passi

176 4475 301 4525 sunt,
321 4468 502 4532 quippe
517 4467 604 4531 qui
621 4475 774 4516 narret
787 4474 820 4496 ‘⁸
833 4466 1106 4515 Invenimus
1121 4465 1252 4514 mim

174 4531 513 4598 magnitudinis
546 4531 665 4580 viros
703 4531 838 4590 duos,
870 4540 922 4579 ut
964 4533 1111 4593 prisca
1147 4540 1256 4580 σιω

180 4081 405 4130 Basilicis
445 4081 700 4136 tradendis.

1321 3567 1520 3628 (Ambr.
1545 3566 1575 3612 l.
1598 3567 1671 3625 c.)
1695 3570 1730 3592 ‘⁸
1754 3567 1803 3614 in
1825 3574 2005 3614 tantum
2028 3573 2081 3614 ut
2104 3582 2247 3632 supra
2268 3567 2390 3631 ipso·

1321 3647 1419 3678 rum
1444 3645 1639 3694 corpora
1659 3629 1957 3680 ambularent
1988 3645 2167 3684 omnes.
2191 3629 2271 3695 qui
2294 3631 2391 3678 vel-

1321 3694 1419 3743 lent
1451 3695 1512 3742 ad
1546 3695 1779 3742 cancellos
1809 3692 2064 3759 pervenire,
2098 3694 2268 3758 quibus
2297 3694 2393 3742 SS.

1321 3759 1530 3808 Naboris
1558 3767 1607 3806 et
1641 3758 1807 3807 Felicis
1839 3766 2091 3822 martyrum
2125 3759 2187 3806 ab
2220 3758 2393 3822 injuria

1319 3823 1565 3935 {epixchga
1584 3823 2007 3948 defzndppasnt‘tlirss'
2031 3822 2270 3934 (Patlillinfi
2279 3822 2393 3895 Vita

1361 3923 1374 3936 .
1458 3903 1632 3936 mros.
1698 3919 1711 3932 .
1812 3921 1825 3934 .
1926 3893 2115 3934 onec·‘
2192 3902 2390 3934 mrosro

1323 3967 1405 4015 per
1425 3952 1659 4000 somnium
1683 3951 1884 3999 revelata
1902 3959 2080 4013 reperta
2098 3949 2238 3997 sint.'’
2261 3950 2391 4012 Aug.

1325 4015 1384 4063 de
1407 4015 1514 4064 Civ.
1540 4016 1651 4071 Dei,
1682 4014 1715 4061 l.
1740 4014 1849 4061 xxii.
1880 4028 1926 4061 c.
1960 4016 2009 4062 8.
2040 4015 2081 4074 §.
2101 4015 2152 4060 2.
2222 4013 2389 4061 Postea

1316 4095 1423 4128 vero

1316 4144 1479 4191 horum
1505 4151 1759 4206 martyrum
1795 4141 1983 4189 nomina
2015 4139 2299 4204 titulumque
2322 4142 2389 4189 le-

1314 4207 1482 4271 gisse.'’
1519 4207 1689 4254 Ambr.
1722 4206 1753 4253 l.
1782 4221 1826 4254 c.
1852 4206 1891 4266 §.
1922 4207 1998 4252 12.
2069 4203 2285 4268 Plerique
2312 4221 2392 4254 eos

1315 4274 1401 4321 sub
1417 4273 1606 4320 Nerone
1626 4285 1781 4335 passos
1795 4285 1891 4318 esse
1909 4269 2121 4318 credunt.
2143 4269 2384 4318 vid.Tille·

1319 4344 1462 4385 mont.
1486 4337 1550 4382 H.
1584 4337 1641 4384 E.
1678 4343 1712 4382 t.
1746 4334 1790 4381 ii.
1818 4334 1918 4381 Art.
1950 4333 2000 4381 S.
2026 4333 2223 4382 Gervais
2258 4341 2305 4381 et
2339 4334 2390 4381 S.

1325 4399 1500 4451 Protais
1540 4407 1585 4448 et
1624 4407 1741 4447 nott.
1770 4397 1885 4446 ibid.
1951 4397 2076 4446 Ense
2117 4397 2389 4461 martyrium

1317 4465 1470 4530 adepti
1491 4471 1631 4523 sunt3
1668 4471 1700 4494 “
1725 4462 1939 4512 avulsum
1974 4461 2177 4524 humeris
2197 4461 2391 4528 caput.”

1321 4531 1518 4593 (Ambr.
1536 4529 1570 4578 l.
1592 4527 1668 4590 c.)

1468 4086 1502 4107 ‘⁴
1530 4093 1663 4126 senes
1700 4077 2001 4142 repetierunt,
2042 4093 2091 4124 se
2135 4076 2390 4140 aliquando
