3042 5059
854 1168 1156 1243 LIBER
1207 1168 1712 1245 OCTAVUS.

190 1366 324 1419 Vitae
362 1365 536 1435 ipsius
573 1375 781 1436 partem
817 1368 1036 1439 attingit
1070 1368 1490 1432 celeberrimam,
1515 1387 1714 1421 annum
1740 1367 1915 1422 aetatis
1940 1366 2277 1438 trigesimum
2302 1383 2383 1420 se-

251 1456 500 1517 cundum,
519 1472 628 1523 quo
650 1473 843 1525 nempe
867 1474 989 1509 cum
1005 1456 1409 1526 Simplicianum
1424 1457 1796 1520 consuluisset,
1822 1456 2003 1509 audita
2024 1456 2092 1509 ab
2116 1473 2179 1508 eo
2202 1456 2384 1509 Victo-

249 1542 348 1593 rini
373 1542 742 1604 conversione,
766 1543 834 1593 ad
857 1541 1173 1593 imitandum
1198 1543 1416 1594 exarsit.
1487 1544 1629 1595 Tum
1651 1559 1798 1605 vero,
1823 1542 1889 1594 iis
1916 1556 2035 1610 quae
2060 1543 2125 1593 de
2149 1543 2381 1595 Antonio

249 1626 504 1695 AEgyptio
543 1628 804 1679 monacho
840 1633 895 1678 et
931 1627 1153 1679 duorum
1189 1626 1482 1681 aulicorum
1523 1629 1868 1681 conversione
1903 1645 1936 1680 a
1969 1628 2269 1680 Pontitiano
2306 1629 2383 1680 di-

250 1714 394 1777 dicit,
419 1714 598 1784 magis
629 1715 906 1784 magisque
941 1731 1218 1780 accensus,
1242 1725 1366 1785 post
1388 1718 1757 1770 vehementem
1782 1716 1979 1769 luctam
2003 1715 2143 1767 inter
2166 1732 2384 1768 caruem

254 1807 306 1874 et
350 1798 624 1868 spiritum,
665 1800 904 1852 codicem
949 1800 1196 1869 Apostoli
1243 1802 1452 1855 coelesti
1499 1802 1802 1855 admonitus
1851 1799 2067 1853 oraculo
2114 1800 2381 1869 inspexit3

250 1884 485 1952 lectoque
539 1886 628 1954 qui
676 1885 780 1954 ipsi
828 1884 1031 1953 primus
1078 1887 1312 1938 occurrit
1359 1887 1640 1950 versiculo,
1688 1886 1904 1939 omnino
1951 1886 2281 1949 immutatur,
2329 1892 2385 1938 et

251 1970 471 2039 diruptis
494 1970 854 2040 cupiditatum
877 1969 1102 2023 vinculis
1125 1978 1270 2025 totus
1295 1972 1362 2025 ad
1389 1974 1565 2026 Deum
1590 1972 1933 2025 convertitur.

271 2146 321 2203 l.
365 2143 554 2205 Deus
597 2164 800 2221 meust,
829 2145 1124 2209 recorder
1164 2147 1234 2209 in
1279 2146 1623 2228 gratiarum
1668 2144 1919 2209 actione
1963 2143 2106 2222 tibi,
2136 2153 2201 2207 et
2230 2164 2380 2207 con·
2486 2159 2528 2208 Ι.

191 2245 356 2307 fitear
391 2244 864 2309 misericordias
908 2256 1051 2311 tuas
1095 2269 1291 2332 super
1327 2270 1449 2312 me.
1540 2246 2008 2311 Perfundantur
2050 2264 2199 2309 ossa
2238 2266 2385 2307 mea
2399 2222 2569 2335 §53³⁰

193 2344 520 2407 dilectione
549 2343 727 2423 tua’,
756 2356 821 2410 et
849 2349 1114 2411 dicant:
1166 2352 1468 2427 Domine,
1498 2350 1645 2432 quis
1672 2350 1905 2411 similis
1934 2346 2054 2410 tibi
2078 2343 2113 2406 9
2174 2348 2382 2408 Diru-
2399 2352 2569 2426 {uelim

182 2444 332 2524 pisti
367 2446 631 2508 vincula
671 2468 837 2525 mea,
873 2450 1235 2531 saco-{ficem
1279 2450 1398 2512 tibi
1436 2450 1839 2531 sacrificium
1881 2448 2117 2511 laudis.
2208 2444 2382 2518 Quo·
2398 2424 2588 2529 ζζζῖᾶω

191 2542 364 2605 modo
393 2543 697 2628 dirupisti
728 2568 825 2624 ea,
853 2550 1120 2611 narrabo
1146 2572 1163 2625 3
1224 2556 1289 2612 et
1317 2548 1535 2612 dicent
1577 2568 1799 2611 omnes
1844 2548 1958 2631 qui
2000 2546 2269 2610 adorant
2293 2552 2379 2622 te,
2399 2542 2465 2654 “11,
2484 2544 2607 2619 *5³⁰¹-

192 2664 322 2706 cum
363 2644 638 2709 audiunt
675 2647 856 2711 haec:
918 2649 1310 2715 Benedictus
1339 2648 1660 2712 Dominus
1686 2649 1755 2710 in
1786 2648 1952 2711 coelo
1984 2656 2049 2710 et
2075 2646 2145 2709 in
2174 2652 2339 2709 terra
2359 2668 2378 2724 3
2399 2622 2598 2722 Ξῃᾞῖζ,

190 2766 473 2828 magnum
532 2756 602 2811 et
657 2749 946 2813 mirabile
1001 2771 1237 2813 nomen
1293 2749 1450 2834 ejus,
1560 2750 1960 2813 Inhaeserant
2010 2742 2382 2832 praecordiis
2397 2736 2577 2851 &²¹:²3-

191 2847 334 2910 meis
373 2850 571 2912 verba
615 2860 745 2927 tua,
773 2859 840 2915 et
878 2852 1166 2935 undique
1201 2848 1742 2913 circumvallabar
1781 2848 1894 2912 abs
1933 2857 2014 2913 te.
2100 2850 2205 2912 De
2248 2849 2381 2911 vita
2404 2816 2483 2914 ld:
2568 2836 2584 2859 '

193 2956 290 3012 tua
329 2957 566 3013 aeterna
611 2960 822 3015 certus
865 2972 1074 3015 eram:
1121 2950 1414 3037 quamvis
1456 2970 1599 3013 eam
1628 2952 1700 3013 in
1730 2951 2072 3031 oeniymate
2098 2958 2163 3013 et
2190 2952 2379 3033 quasi
2397 2929 2480 3039 ξς·
2506 2930 2617 2986 ¹¹⁵⁹

182 3070 292 3128 per
327 3052 658 3130 speculum
701 3053 992 3115 videram
1009 3077 1032 3122 .-
1082 3050 1398 3115 dubitatio
1444 3059 1653 3114 tamen
1700 3049 1908 3112 omnis
1938 3049 2017 3112 de
2044 3049 2375 3131 incorrup·
2395 3027 2491 3168 -ιῐὸἷι
2518 3058 2563 3113 l.

191 3150 342 3213 tibili
381 3153 763 3231 substantia,
793 3152 968 3236 quod
1011 3154 1094 3217 ab
1135 3153 1249 3216 illa
1291 3160 1460 3216 esset
1501 3151 1711 3214 omnis
1756 3150 2132 3227 substantia,
2162 3150 2377 3213 ablata
2402 3184 2420 3229 1
2449 3154 2562 3234 flor.

192 3252 335 3315 mihi
358 3261 519 3317 erat:
569 3276 690 3318 nec
722 3255 952 3317 certior
980 3254 1060 3317 de
1089 3261 1174 3330 te,
1197 3252 1312 3315 sed
1341 3251 1629 3315 stabilior
1654 3251 1723 3313 in
1752 3259 1816 3315 te
1845 3271 1985 3313 esse
2016 3246 2373 3334 cupiebam.
2399 3248 2476 3308 13,
2503 3250 2584 3298 12.

195 3354 284 3416 De
309 3376 446 3417 mea
483 3376 638 3419 vero
681 3354 1012 3438 temporali
1047 3355 1180 3418 vita
1216 3355 1533 3417 nutabant
1569 3352 1805 3429 omnia,
1836 3360 1899 3415 et
1925 3352 2375 3415 mundandum
2397 3365 2473 3415 lb.
2494 3368 2543 3422 5,
2567 3366 2616 3416 7.

193 3463 319 3517 erat
355 3476 460 3518 cor
496 3477 541 3518 a
562 3457 898 3538 semento
935 3457 1138 3518 veteri
1154 3475 1179 3527 ;
1232 3462 1298 3518 et
1321 3454 1623 3537 placebat
1661 3453 1767 3517 via
1801 3453 1943 3536 ipse
1972 3452 2281 3530 Salvator,
2312 3462 2378 3518 et

193 3554 271 3616 ire
295 3576 404 3638 per
429 3554 482 3639 ej
490 3576 570 3618 us
601 3555 929 3637 angustias
959 3553 1168 3618 adhuc
1200 3553 1480 3637 pigebat.
1542 3552 1635 3615 Et
1652 3551 1974 3615 immisisti
2001 3551 2071 3614 in
2098 3560 2375 3616 mentem

196 3676 398 3733 meam,
443 3656 782 3739 visumque
833 3664 930 3719 est
975 3657 1218 3719 bonum
1267 3654 1337 3715 in
1387 3663 1740 3735 conspectu
1786 3673 1929 3715 meo
1976 3673 2240 3735 pergere
2292 3651 2376 3717 ad

198 3755 663 3839 Simplicianum
723 3756 836 3840 qui
894 3756 1054 3819 mihi
1118 3756 1330 3818 bonus
1399 3755 1753 3837 apparebat
1811 3774 2027 3816 servus
2083 3763 2254 3832 tuus,
2312 3762 2377 3817 et

197 3856 427 3921 lucebat
453 3858 523 3920 in
553 3879 632 3921 eo
669 3858 870 3939 gratia
909 3868 1036 3921 tua.
1124 3853 1466 3921 Audieram
1509 3856 1703 3919 etiam
1748 3853 1925 3939 quod
1968 3877 2008 3918 a
2038 3854 2375 3938 juventute

199 3976 298 4019 sua
321 3956 722 4022 devotissime
753 3958 873 4021 tibi
902 3958 1177 4020 viveret:
1213 3954 1352 4039 jam
1380 3976 1529 4018 vero
1560 3964 1712 4018 tunc
1745 3962 2056 4031 senuerat,
2089 3963 2153 4019 et
2180 3955 2377 4035 longa

199 4065 360 4120 aetate
401 4059 467 4122 in
513 4070 643 4123 tam
687 4062 859 4123 bono
889 4058 1100 4123 studio
1134 4056 1454 4121 sectandae
1486 4057 1606 4119 vioe
1638 4067 1787 4135 tuae,
1814 4057 2016 4119 multa
2043 4063 2371 4138 expertuS,

197 4158 374 4221 multa
409 4158 674 4222 edoctus
715 4159 874 4221 mihi
919 4157 1290 4233 videbatur5
1357 4164 1423 4219 et
1450 4176 1595 4219 vere
1626 4156 1718 4219 sic
1749 4164 1899 4219 erat.
1991 4155 2183 4221 Unde
2213 4156 2372 4219 mihi

199 4267 262 4316 ut
282 4259 578 4339 proferret
603 4261 916 4336 volebam,
946 4258 1295 4322 conferenti
1335 4278 1551 4322 secum
1582 4267 1776 4320 aestus
1802 4276 2000 4335 meos,
2030 4257 2177 4339 quis
2204 4264 2375 4317 esset

201 4364 366 4439 aptus
402 4360 630 4425 modus
674 4361 767 4424 sic
811 4362 1064 4438 affectO,
1094 4366 1165 4423 ut
1191 4380 1314 4439 ego
1343 4379 1536 4436 eram,
1566 4357 1652 4422 ad
1687 4357 2141 4422 ambulandum
2172 4356 2239 4419 in
2270 4356 2373 4418 via

201 4462 312 4521 tua.
