3042 5059
888 401 1188 464 INDEX
1239 402 1356 461 CA
1374 401 1583 461 PI'I'U
1604 404 1659 461 M
1678 449 1690 462 .

187 557 335 606 XXI.
372 559 513 608 Terra
540 570 637 609 erat
669 563 905 612 invisibilis
922 570 1015 611 etc.
1039 565 1166 612 varie
1187 563 1259 612 in·

247 623 514 674 tellectum.
1164 628 1260 675 239

187 687 368 736 XXII.
404 690 600 754 Ahquid
620 707 722 748 esse
739 705 769 739 a
791 691 900 740 Deo
919 691 1178 746 conditum,
1201 693 1261 740 de

252 767 353 815 quo
385 753 524 804 sileat
555 756 673 803 liber
707 756 921 812 Genesis,
941 755 1058 804 nihil
1091 769 1260 822 repug-

249 827 354 865 nat.
1163 823 1260 870 240

186 880 402 936 XXIII.
448 884 562 933 Duo
603 884 940 934 dissensionum
991 901 1164 950 genera
1211 886 1259 934 in

262 945 367 994 Scri
404 949 516 997 turis
534 949 904 1013 interpretandis.
1163 950 1256 998 241

189 1010 320 1058 XXI
379 1045 393 1059 .
425 1014 498 1060 Ex
521 1014 679 1062 multis
703 1015 820 1063 veris
840 1031 932 1078 non
954 1016 1094 1064 debet
1114 1014 1261 1063 fiden-

259 1084 332 1123 ter
355 1077 494 1126 asseri
523 1078 613 1127 hoc
649 1089 732 1128 aut
766 1078 882 1129 illud
911 1080 1104 1130 sensisse
1125 1080 1265 1143 Moy·

249 1155 353 1189 sen.
1197 1147 1262 1193 id.

189 1203 360 1254 XXV.
393 1207 634 1257 Adversus
665 1225 746 1258 eos
775 1209 858 1273 qui
891 1208 1088 1257 aliorum
1121 1209 1266 1257 inter·

257 1271 473 1331 pretandi
490 1272 713 1322 rationem
727 1281 900 1322 temere
914 1273 1148 1339 rejiciunt.
1171 1274 1267 1321 242

189 1334 394 1384 XXVI.
434 1337 531 1393 Qui
567 1354 717 1387 sermo
755 1339 923 1388 deceat
958 1338 1267 1451 scripturamti

194 1463 422 1512 XXVII.
466 1465 566 1515 Scri
601 1475 752 1514 turam
784 1467 920 1516 decet
952 1467 1127 1516 humile
1153 1468 1264 1515 sim-

259 1528 466 1592 plexque
488 1545 568 1579 ver
601 1547 732 1580 orum
755 1547 918 1596 genus.
1169 1534 1267 1579 244

192 1593 455 1642 XXVIII.
499 1595 568 1644 Ut
601 1595 725 1644 varie
761 1596 1034 1661 intelligitur
1067 1598 1128 1645 ab
1163 1613 1268 1646 eru-

259 1657 372 1705 ditis
394 1657 653 1724 Scriptura.
1201 1664 1266 1710 id.

193 1722 393 1771 XXIX.
429 1724 558 1781 Quot
579 1724 727 1773 modis
747 1724 913 1774 dicitur
931 1725 1105 1790 aliquid
1128 1724 1269 1791 prius.

193 1850 367 1899 XXX.
416 1852 712 1904 Tractatores
771 1855 1024 1930 Scripturae
1089 1852 1270 1904 diversa

260 1915 532 1975 sentientes,
564 1919 849 1969 concordent
879 1920 1082 1968 invicem
1121 1919 1269 1968 chari·

259 1988 358 2029 tate
379 1990 428 2030 et
447 1983 601 2032 studio
624 1984 837 2032 veritatis.
1171 1985 1267 2032 247

193 2045 397 2094 XXXI.
443 2047 650 2097 Sensisse
689 2049 925 2113 putandus
964 2055 1036 2098 est
1078 2049 1272 2113 Moyse·

259 2109 494 2174 quidquid
532 2113 630 2161 veri
666 2122 818 2178 potest
850 2113 898 2161 in
937 2113 1083 2178 ipsius
1120 2113 1272 2161 verbis

260 2173 479 2224 inveniri.
1172 2178 1269 2225 247

195 2239 429 2288 XXXII.
466 2242 578 2291 Veri
601 2241 852 2307 Scriptum
868 2258 1031 2292 sensus
1049 2257 1077 2288 a
1097 2241 1272 2306 Spiritu

261 2312 428 2354 sancto
451 2307 733 2355 revelantur.
1173 2307 1270 2354 248

263 2516 486 2566 LIBER.
525 2519 842 2569 DECIMUS
880 2519 1142 2568 TERTIU
1155 2516 1203 2568 S.

197 2627 246 2675 I.
280 2626 488 2676 Invocat
508 2629 685 2688 Deum,
701 2631 838 2696 cujus
853 2630 1062 2680 bonitate
1081 2645 1130 2680 se
1151 2643 1269 2694 prsi-

264 2701 458 2740 ventum
481 2693 705 2759 agnoscit.
1173 2695 1272 2743 249

195 2756 273 2806 11.
310 2757 554 2834 creatura
575 2775 634 2807 ex
658 2758 754 2826 Dei
789 2759 992 2809 bonitate
1020 2758 1276 2810 subsistunt

195 2832 315 2936 Ille}
337 2823 708 2952 lIgfiggingantia
727 2887 900 2937 omnia.
1173 2826 1267 2938 2311

193 2951 296 3002 IV.
334 2952 470 3000 Deus
492 2969 584 3000 non
607 2962 714 3016 eget
733 2954 874 3002 rebus
893 2952 1106 3002 conditis.
1206 2955 1274 3002 id.

195 3017 266 3065 V.
299 3016 508 3066 Trinitas
535 3017 620 3083 qui
650 3020 786 3068 Deus
805 3025 892 3074 est,
913 3032 969 3064 ex
991 3016 1150 3082 primis
1171 3032 1272 3065 ver·

261 3079 340 3129 bis
358 3080 597 3131 Geneseos
616 3081 910 3146 intelligitur.
1175 3083 1272 3130 252

193 3145 291 3194 VI.
329 3145 432 3195 Cur
471 3146 626 3196 dictus
666 3157 739 3198 est
785 3146 986 3213 Spiritus
1027 3145 1273 3211 superferri

195 3226 352 3323 Vlfflll.p
355 3226 590 3325 fflssissss·
600 3276 796 3341 Spiritus
814 3275 979 3324 sancti.
1213 3247 1276 3326 id:

195 3339 357 3388 vul.
394 3340 720 3390 Intellectuali
739 3350 960 3390 creature
994 3340 1054 3389 ad
1087 3339 1276 3390 beatam

263 3404 474 3468 requiem
497 3421 591 3454 non
611 3406 784 3454 sufficit
810 3404 1033 3470 quidquid
1059 3406 1165 3453 Deo
1186 3405 1273 3452 mi-

261 3483 358 3517 nus
379 3477 468 3518 est.
1177 3471 1276 3518 253

195 3534 295 3581 lx.
335 3535 433 3584 Cur
469 3533 598 3582 solus
643 3533 846 3599 Spiritus
883 3541 1074 3583 sanctiss
1112 3549 1273 3600 super-

262 3595 506 3647 ferebatur
522 3613 662 3664 super
681 3614 848 3664 aquas.
1176 3601 1275 3648 264

197 3663 267 3711 X.
303 3664 378 3711 Ex
401 3663 525 3712 dono
550 3662 644 3711 Dei
667 3663 843 3712 omnia.
1207 3665 1276 3712 id.

196 3727 298 3775 XI.
338 3726 375 3777 S
409 3726 568 3776 mbola
584 3728 822 3776 Trinitatis
839 3727 890 3775 in
909 3728 1113 3777 homine.
1178 3729 1276 3777 2⁵5

193 3791 328 3866 XII.
425 3791 540 3840 undi
567 3793 738 3841 creatio
762 3792 1084 3841 formationem
1109 3792 1278 3842 Eccle-

194 3857 664 3970 Xffieplrlagfigugitg
693 3920 900 3972 bominis
925 3923 1038 3970 dum
1069 3920 1146 3970 hic
1163 3858 1276 3970 ἓίῗίδε

261 3986 474 4035 nondum
499 3986 726 4052 perfecta.
1178 3987 1274 4034 257

2274 407 2393 460 305

1328 563 1471 610 XIV.
1507 564 1621 612 Fide
1640 573 1687 612 et
1710 579 1791 629 spe
1816 563 2182 612 corroboramur.
2298 561 2395 608 258

1327 629 1440 675 XV.
1477 627 1721 694 Explanat
1747 645 1844 678 ver.
1866 631 1911 676 6.
1942 643 2050 693 cap.
2076 630 2095 675 l
2126 627 2254 675 Gen.
2290 625 2398 673 Fiat

1375 693 1720 754 firmamentum
1746 702 1839 743 etc.
1872 691 2003 752 Quid
2032 692 2395 743 firmamentum.

1393 756 1507 820 quid
1528 773 1583 805 su
1646 758 1785 806 riores
1806 772 1958 822 aque.
2330 757 2397 826 id.

1326 821 1470 870 XVI.
1510 821 1577 870 So
1597 838 1653 871 us
1676 822 1811 871 Deus
1839 837 1889 872 se
1918 821 2005 871 scit
2038 819 2228 870 omnino
2261 818 2398 932 siggg

1389 895 1474 934 est.

1329 949 1504 999 XVII.
1542 951 1600 1000 In
1631 965 1731 1000 ver.
1764 951 1823 998 9:
1871 950 2209 1024 congregentur
2247 963 2395 1010 oquoe,

1395 1015 1525 1072 Quid
1566 1031 1713 1071 mare,
1758 1013 1873 1079 quid
1920 1012 2068 1062 anda.
2123 1012 2399 1078 Explicatur

1397 1095 1494 1129 ver.
1522 1081 1578 1128 ll
1597 1100 1609 1128 :
1656 1080 1889 1129 Ger-minet
1908 1075 2028 1126 mira
2048 1085 2140 1126 etc.
2332 1077 2399 1126 fd.

1333 1145 1537 1194 XVIII.
1570 1146 1630 1195 In
1649 1161 1744 1194 ver.
1767 1147 1852 1193 14:
1886 1143 2022 1191 Fiant
2040 1143 2288 1190 luminaria
2302 1148 2399 1189 etc.

1398 1210 1522 1267 Quae
1556 1209 1806 1259 luminaria
1836 1208 2089 1258 dividentia
2116 1206 2239 1257 inter
2273 1205 2398 1253 diem

1397 1283 1445 1321 et
1461 1283 1664 1324 noctem.
2300 1271 2394 1318 261

1330 1339 1471 1386 XIX.
1500 1340 1694 1388 Tractat
1706 1339 1926 1388 eumdem
1943 1335 2245 1396 versiculum,
2260 1336 2400 1382 Fiant

1395 1405 1644 1451 luminaria
1664 1412 1755 1452 etc.
2301 1401 2401 1448 263

1333 1467 1448 1517 XX.
1483 1470 1545 1517 In
1578 1483 1674 1518 ver.
1691 1470 1789 1517 2οι
1842 1468 2104 1516 Producant
2140 1480 2271 1528 aquae
2306 1473 2401 1512 etc.

1398 1533 1521 1590 Quae
1545 1533 1745 1598 reptilia,
1768 1547 1875 1595 quae
1895 1529 2121 1580 volatilia.
2302 1530 2403 1577 264

1334 1597 1480 1646 XXI.
1516 1597 1577 1646 In
1606 1612 1704 1647 ver.
1734 1599 1829 1646 24:
1878 1597 2107 1644 Producat
2146 1604 2267 1642 terra
2298 1599 2400 1642 ani-

1399 1679 1514 1710 mam
1536 1665 1684 1712 vivam
1706 1670 1801 1711 etc.
2303 1660 2401 1708 265

1333 1727 1509 1776 XXII.
1558 1727 1618 1776 In
1651 1741 1746 1776 ver.
1782 1727 1879 1777 26:
1921 1725 2157 1774 Faciamus
2188 1725 2403 1771 hominem

1398 1795 1458 1840 ad
1503 1795 1742 1857 imaginem
1781 1799 1873 1840 etc.
1911 1788 2175 1839 Renovatio
2216 1787 2403 1900 ωειὲιὲεέ

1335 1921 1540 1969 XXIII.
1587 1922 1647 1969 In
1703 1918 1921 1970 eumdem
1974 1916 2283 1984 versiculum:
2342 1917 2403 1964 Et

1395 1989 1552 2046 praesir
1583 1988 1771 2047 piscibus
1805 1987 1943 2033 maris
1974 1991 2066 2032 etc.
2118 1983 2197 2030 De
2233 1980 2405 2044 quibus

1399 2049 1681 2099 christianus
1693 2049 1895 2115 judicet.
2338 2049 2405 2093 id.

1337 2115 1531 2163 XXIV.
1564 2115 1625 2162 In
1641 2130 1739 2164 ver.
1755 2116 1848 2163 28:
1882 2113 1944 2162 Et
1959 2113 2184 2162 benedixit
2201 2128 2267 2159 eos
2282 2111 2407 2158 Deus

1399 2181 1568 2236 dicem,
1590 2180 1783 2228 Crescite
1802 2187 1893 2227 etc.
2307 2176 2405 2223 270

1337 2244 1504 2292 XXV.
1540 2245 1600 2292 In
1629 2259 1726 2292 ver.
1747 2244 1840 2291 29:
1880 2242 1992 2291 Ecce
2028 2242 2134 2289 dedi
2165 2241 2282 2287 vobis
2314 2257 2405 2286 om-

1399 2325 1500 2356 nem
1523 2309 1706 2356 herbam
1732 2343 1745 2356 .
1767 2341 1781 2354 .
1805 2341 1818 2355 .
1846 2342 1859 2356 .
1882 2311 1931 2354 in
1950 2322 2089 2354 escam
2112 2313 2205 2354 etc.
2309 2305 2406 2352 272

1335 2373 1533 2423 XXVI.
1568 2373 1803 2439 Voluptas
1822 2381 1870 2420 et
1892 2370 2070 2420 utilitas
2091 2385 2151 2418 ex
2179 2369 2406 2418 beneficio

1337 2453 1586 2552 XXVI-fix
1588 2453 1732 2560 ¹3:1¹3
1754 2436 1997 2566 ἓξιῖξξὲα
2019 2507 2066 2548 et
2086 2505 2213 2548 cetos
2228 2436 2407 2609 εἰςιέὲέ

1401 2575 1551 2614 cetur.

1336 2631 1591 2680 XXVIII.
1624 2629 1685 2678 In
1706 2645 1799 2679 ver.
1817 2630 1877 2678 81
1898 2648 1909 2677 ε
1954 2627 2013 2676 E:
2034 2628 2151 2675 vidit
2173 2626 2299 2674 Deus
2314 2642 2405 2673 om-

1399 2698 1480 2744 m'a
1512 2711 1609 2759 quae
1629 2695 1771 2761 fecit,
1802 2704 1845 2744 ct
1878 2710 1974 2742 eccs
2009 2693 2119 2740 bono
2151 2692 2281 2740 valde
2312 2697 2406 2802 αὖ.

1337 2825 1529 2874 XXIX.
1584 2824 1833 2884 Quomodo
1880 2820 2233 2886 intelligendum
2281 2821 2409 2884 quod

1402 2889 1541 2939 Deus
1566 2890 1711 2939 octies
1729 2889 1848 2938 vidit
1875 2888 2000 2937 bona
2021 2899 2121 2934 esse
2141 2899 2286 2950 opera
2304 2899 2410 2998 ἒιιΊειδ.

1335 3018 1501 3067 XXX.
1534 3017 1910 3067 Manichaeorum
1932 3014 2112 3065 deliria.
2341 3016 2410 3062 id.

1336 3082 1534 3132 XXXI.
1571 3083 1669 3132 Piis
1712 3082 1835 3131 idem
1873 3082 2098 3148 probatur
2132 3078 2260 3144 quod
2301 3077 2409 3125 Deo

1401 3147 1601 3212 placuit.
2311 3143 2410 3190 276

1207 3214 1256 3259 ια
1338 3212 1563 3260 XXXII.
1598 3210 1895 3278 Compendio
1915 3218 2103 3258 enarrat
2130 3223 2273 3274 opera
2297 3206 2408 3256 Dei.

1342 3339 1600 3391 XXXIII.
1634 3339 1813 3390 Omnia
1829 3340 1891 3389 de
1912 3337 2059 3388 nihilo
2078 3337 2175 3388 sive
2206 3337 2265 3386 de
2295 3273 2409 3384 gig

1405 3414 1569 3456 ereata
1588 3405 1797 3455 materia.
2310 3401 2409 3448 278

1341 3471 1589 3547 XXXIV.
1626 3470 1789 3545 Totius
1820 3466 2064 3518 creationis
2097 3464 2261 3514 mnndi
2294 3465 2410 3543 alle-

1339 3543 1945 3665 xffiffiwg...
2312 3532 2411 3643 23⁶3

1342 3665 1586 3714 XXXVI.
1678 3665 1771 3714 iem
1787 3662 2037 3729 septimum
2059 3675 2253 3726 vespera
2268 3673 2411 3771 qua-Ze

1341 3739 1784 3843 Χὶιέῗνοῗῗῖηόιεῐᾶε
1812 3792 1863 3839 iu
1892 3790 2028 3840 nobis
2044 3789 2234 3854 quaudo
2256 3740 2411 3863 qui;s-·

1339 3865 1641 3970 xiiii‘vm.
1688 3920 1841 3971 Aliter
1887 3919 2041 3975 Deus,
2083 3915 2219 3965 aliter
2270 3855 2410 3963 1ιοῖιῖιὸ

1407 3985 1538 4034 videt
1557 3995 1731 4034 creata.
2312 3979 2410 4027 280

927 4245 1185 4284 EXPLICIT
1212 4246 1384 4282 INDEX
1412 4247 1612 4284 cn’rru
1622 4247 1662 4283 Μ
1672 4271 1683 4282 .
