<?xml version="1.0" encoding="UTF-8"?>
<!DOCTYPE html PUBLIC "-//W3C//DTD XHTML 1.0 Transitional//EN"
    "http://www.w3.org/TR/xhtml1/DTD/xhtml1-transitional.dtd">
<html xmlns="http://www.w3.org/1999/xhtml" xml:lang="en" lang="en">
 <head>
  <title>
</title>
<meta http-equiv="Content-Type" content="text/html;charset=utf-8" />
  <meta name='ocr-system' content='tesseract 3.04.00' />
  <meta name='ocr-capabilities' content='ocr_page ocr_carea ocr_par ocr_line ocrx_word'/>
</head>
<body>
  <div class='ocr_page' id='page_1' title='image "./confessionespos00dubogoog_0089.png"; bbox 0 0 3042 5059; ppageno 0'>
   <div class='ocr_carea' id='block_1_1' title="bbox 779 415 2466 484">
    <p class='ocr_par' dir='ltr' id='par_1_1' title="bbox 779 415 2466 484">
     <span class='ocr_line' id='line_1_1' title="bbox 779 415 2466 484; baseline 0.002 -4"><span class='ocrx_word' id='word_1_1' title='bbox 779 415 1504 483; x_wconf 84' lang='lat' dir='ltr'>CONFESSIONUM</span> <span class='ocrx_word' id='word_1_2' title='bbox 1552 420 1836 484; x_wconf 89' lang='lat' dir='ltr'>LIBER</span> <span class='ocrx_word' id='word_1_3' title='bbox 1880 420 1957 482; x_wconf 91' lang='lat' dir='ltr'>V.</span> <span class='ocrx_word' id='word_1_4' title='bbox 2382 425 2466 483; x_wconf 82' lang='lat'>6⁷</span> 
     </span>
    </p>
   </div>
   <div class='ocr_carea' id='block_1_2' title="bbox 231 569 2703 1061">
    <p class='ocr_par' dir='ltr' id='par_1_2' title="bbox 231 569 2703 852">
     <span class='ocr_line' id='line_1_2' title="bbox 246 569 2464 658; baseline 0.003 -26"><span class='ocrx_word' id='word_1_5' title='bbox 246 569 335 633; x_wconf 89' lang='lat' dir='ltr'>sit</span> <span class='ocrx_word' id='word_1_6' title='bbox 373 590 568 653; x_wconf 82' lang='lat' dir='ltr'>quam</span> <span class='ocrx_word' id='word_1_7' title='bbox 611 588 868 634; x_wconf 82' lang='lat' dir='ltr'>mensor</span> <span class='ocrx_word' id='word_1_8' title='bbox 904 570 1077 648; x_wconf 89' lang='lat' dir='ltr'>coeli,</span> <span class='ocrx_word' id='word_1_9' title='bbox 1113 580 1180 636; x_wconf 92' lang='lat' dir='ltr'>et</span> <span class='ocrx_word' id='word_1_10' title='bbox 1221 580 1586 638; x_wconf 83' lang='lat' dir='ltr'>numerator</span> <span class='ocrx_word' id='word_1_11' title='bbox 1630 572 1929 654; x_wconf 80' lang='lat' dir='ltr'>siderum,</span> <span class='ocrx_word' id='word_1_12' title='bbox 1958 584 2025 638; x_wconf 91' lang='lat' dir='ltr'>et</span> <span class='ocrx_word' id='word_1_13' title='bbox 2062 595 2298 658; x_wconf 88' lang='lat' dir='ltr'>pensor</span> <span class='ocrx_word' id='word_1_14' title='bbox 2337 577 2464 639; x_wconf 88' lang='lat' dir='ltr'>ele-</span> 
     </span>
     <span class='ocr_line' id='line_1_3' title="bbox 242 672 2703 760; baseline 0.004 -28"><span class='ocrx_word' id='word_1_15' title='bbox 242 679 624 747; x_wconf 87' lang='lat' dir='ltr'>mentorum,</span> <span class='ocrx_word' id='word_1_16' title='bbox 647 680 712 735; x_wconf 91' lang='lat' dir='ltr'>et</span> <span class='ocrx_word' id='word_1_17' title='bbox 732 672 1068 753; x_wconf 81' lang='lat' dir='ltr'>negligens</span> <span class='ocrx_word' id='word_1_18' title='bbox 1089 673 1205 752; x_wconf 86' lang='lat' dir='ltr'>tui,</span> <span class='ocrx_word' id='word_1_19' title='bbox 1229 675 1342 758; x_wconf 89' lang='lat' dir='ltr'>qui</span> <span class='ocrx_word' id='word_1_20' title='bbox 1363 678 1584 738; x_wconf 77' lang='lat' dir='ltr'>omnia</span> <span class='ocrx_word' id='word_1_21' title='bbox 1610 677 1684 737; x_wconf 80' lang='lat' dir='ltr'>in</span> <span class='ocrx_word' id='word_1_22' title='bbox 1714 696 2018 738; x_wconf 75' lang='lat' dir='ltr'>mensura</span> <span class='ocrx_word' id='word_1_23' title='bbox 2037 684 2102 739; x_wconf 79' lang='lat' dir='ltr'>et</span> <span class='ocrx_word' id='word_1_24' title='bbox 2120 698 2387 740; x_wconf 76' lang='lat' dir='ltr'>numero</span> <span class='ocrx_word' id='word_1_25' title='bbox 2400 686 2466 741; x_wconf 83' lang='lat' dir='ltr'>et</span> <span class='ocrx_word' id='word_1_26' title='bbox 2484 693 2599 760; x_wconf 82' lang='lat' dir='ltr'>Sap.</span> <span class='ocrx_word' id='word_1_27' title='bbox 2628 696 2703 754; x_wconf 84' lang='grc' dir='ltr'>ιι,</span> 
     </span>
     <span class='ocr_line' id='line_1_4' title="bbox 231 760 2564 852; baseline 0.002 -19"><span class='ocrx_word' id='word_1_28' title='bbox 231 772 525 851; x_wconf 79' lang='lat' dir='ltr'>pondere</span> <span class='ocrx_word' id='word_1_29' title='bbox 556 772 950 852; x_wconf 65' lang='lat' dir='ltr'>disposuisti.</span> <span class='ocrx_word' id='word_1_30' title='bbox 2481 760 2564 808; x_wconf 79' lang='lat'>²¹·</span> 
     </span>
    </p>

    <p class='ocr_par' dir='ltr' id='par_1_3' title="bbox 239 872 2645 1061">
     <span class='ocr_line' id='line_1_5' title="bbox 339 872 2627 971; baseline 0.004 -36"><span class='ocrx_word' id='word_1_31' title='bbox 339 876 400 935; x_wconf 85' lang='lat'>8.</span> <span class='ocrx_word' id='word_1_32' title='bbox 449 872 581 937; x_wconf 86' lang='lat' dir='ltr'>Sed</span> <span class='ocrx_word' id='word_1_33' title='bbox 602 880 817 937; x_wconf 87' lang='lat' dir='ltr'>tamen</span> <span class='ocrx_word' id='word_1_34' title='bbox 844 874 991 957; x_wconf 89' lang='lat' dir='ltr'>quis</span> <span class='ocrx_word' id='word_1_35' title='bbox 1009 877 1339 958; x_wconf 83' lang='lat' dir='ltr'>quaerebat</span> <span class='ocrx_word' id='word_1_36' title='bbox 1353 877 1796 940; x_wconf 82' lang='lat' dir='ltr'>Manichaeum</span> <span class='ocrx_word' id='word_1_37' title='bbox 1814 877 2035 940; x_wconf 90' lang='lat' dir='ltr'>nescio</span> <span class='ocrx_word' id='word_1_38' title='bbox 2059 898 2251 961; x_wconf 89' lang='lat' dir='ltr'>quem</span> <span class='ocrx_word' id='word_1_39' title='bbox 2271 878 2462 941; x_wconf 80' lang='lat' dir='ltr'>etiam</span> <span class='ocrx_word' id='word_1_40' title='bbox 2560 898 2627 971; x_wconf 59' lang='lat' dir='ltr'>V,</span> 
     </span>
     <span class='ocr_line' id='line_1_6' title="bbox 239 960 2645 1061; baseline 0.003 -26"><span class='ocrx_word' id='word_1_41' title='bbox 239 973 371 1036; x_wconf 82' lang='lat' dir='ltr'>ista</span> <span class='ocrx_word' id='word_1_42' title='bbox 399 976 858 1051; x_wconf 87' lang='lat' dir='ltr'>scribere,·sine</span> <span class='ocrx_word' id='word_1_43' title='bbox 890 996 1160 1058; x_wconf 89' lang='lat' dir='ltr'>quorum</span> <span class='ocrx_word' id='word_1_44' title='bbox 1189 977 1421 1060; x_wconf 85' lang='lat' dir='ltr'>peritia</span> <span class='ocrx_word' id='word_1_45' title='bbox 1448 978 1656 1059; x_wconf 80' lang='lat' dir='ltr'>pietas</span> <span class='ocrx_word' id='word_1_46' title='bbox 1685 977 1851 1041; x_wconf 86' lang='lat' dir='ltr'>disci</span> <span class='ocrx_word' id='word_1_47' title='bbox 1877 977 2162 1061; x_wconf 84' lang='lat' dir='ltr'>poterat?</span> <span class='ocrx_word' id='word_1_48' title='bbox 2216 979 2464 1043; x_wconf 85' lang='lat' dir='ltr'><strong>Dixisti</strong></span> <span class='ocrx_word' id='word_1_49' title='bbox 2483 960 2645 1008; x_wconf 83' lang='lat' dir='ltr'>Mam-</span> 
     </span>
    </p>
   </div>
   <div class='ocr_carea' id='block_1_3' title="bbox 2480 1026 2682 1075">
    <p class='ocr_par' dir='ltr' id='par_1_4' title="bbox 2480 1026 2682 1075">
     <span class='ocr_line' id='line_1_7' title="bbox 2480 1026 2682 1075; baseline 0.025 -5"><span class='ocrx_word' id='word_1_50' title='bbox 2480 1026 2599 1072; x_wconf 82' lang='lat' dir='ltr'>chaei</span> <span class='ocrx_word' id='word_1_51' title='bbox 2622 1026 2682 1075; x_wconf 89' lang='lat' dir='ltr'>de</span> 
     </span>
    </p>
   </div>
   <div class='ocr_carea' id='block_1_4' title="bbox 239 1074 2665 1264">
    <p class='ocr_par' dir='ltr' id='par_1_5' title="bbox 239 1074 2665 1264">
     <span class='ocr_line' id='line_1_8' title="bbox 239 1074 2639 1163; baseline 0.003 -28"><span class='ocrx_word' id='word_1_52' title='bbox 239 1074 420 1136; x_wconf 86' lang='lat' dir='ltr'>enim</span> <span class='ocrx_word' id='word_1_53' title='bbox 463 1075 731 1154; x_wconf 86' lang='lat' dir='ltr'>homini,</span> <span class='ocrx_word' id='word_1_54' title='bbox 763 1076 938 1138; x_wconf 83' lang='lat' dir='ltr'>Ecce</span> <span class='ocrx_word' id='word_1_55' title='bbox 968 1079 1191 1157; x_wconf 76' lang='lat' dir='ltr'>pietas</span> <span class='ocrx_word' id='word_1_56' title='bbox 1235 1085 1300 1141; x_wconf 82' lang='lat' dir='ltr'>et</span> <span class='ocrx_word' id='word_1_57' title='bbox 1341 1080 1715 1159; x_wconf 67' lang='lat' dir='ltr'>sapientia,-</span> <span class='ocrx_word' id='word_1_58' title='bbox 1784 1100 1977 1162; x_wconf 85' lang='lat' dir='ltr'>quam</span> <span class='ocrx_word' id='word_1_59' title='bbox 2019 1080 2129 1141; x_wconf 89' lang='lat' dir='ltr'>ille</span> <span class='ocrx_word' id='word_1_60' title='bbox 2172 1080 2462 1161; x_wconf 82' lang='lat' dir='ltr'>ignorare</span> <span class='ocrx_word' id='word_1_61' title='bbox 2482 1088 2639 1163; x_wconf 46' lang='lat' dir='ltr'>ystris·</span> 
     </span>
     <span class='ocr_line' id='line_1_9' title="bbox 239 1166 2665 1264; baseline 0.004 -27"><span class='ocrx_word' id='word_1_62' title='bbox 239 1184 485 1258; x_wconf 89' lang='lat' dir='ltr'>posset,</span> <span class='ocrx_word' id='word_1_63' title='bbox 509 1175 760 1239; x_wconf 83' lang='lat' dir='ltr'>etiamsi</span> <span class='ocrx_word' id='word_1_64' title='bbox 787 1176 910 1239; x_wconf 84' lang='lat' dir='ltr'>ista</span> <span class='ocrx_word' id='word_1_65' title='bbox 936 1177 1217 1261; x_wconf 86' lang='lat' dir='ltr'>perfecte</span> <span class='ocrx_word' id='word_1_66' title='bbox 1245 1187 1494 1243; x_wconf 84' lang='lat' dir='ltr'>nosset:</span> <span class='ocrx_word' id='word_1_67' title='bbox 1538 1180 1666 1242; x_wconf 82' lang='lat' dir='ltr'>ista</span> <span class='ocrx_word' id='word_1_68' title='bbox 1684 1201 1833 1243; x_wconf 88' lang='lat' dir='ltr'>vero</span> <span class='ocrx_word' id='word_1_69' title='bbox 1854 1180 2006 1264; x_wconf 85' lang='lat' dir='ltr'>quia</span> <span class='ocrx_word' id='word_1_70' title='bbox 2026 1201 2158 1242; x_wconf 92' lang='lat' dir='ltr'>non</span> <span class='ocrx_word' id='word_1_71' title='bbox 2178 1188 2462 1257; x_wconf 81' lang='lat' dir='ltr'>noverat,</span> <span class='ocrx_word' id='word_1_72' title='bbox 2480 1166 2665 1263; x_wconf 54' lang='grc' dir='ltr'>ζξᾞᾞ]</span> 
     </span>
    </p>
   </div>
   <div class='ocr_carea' id='block_1_5' title="bbox 237 1275 2702 1466">
    <p class='ocr_par' dir='ltr' id='par_1_6' title="bbox 237 1275 2702 1466">
     <span class='ocr_line' id='line_1_10' title="bbox 237 1275 2673 1365; baseline 0.002 -28"><span class='ocrx_word' id='word_1_73' title='bbox 237 1275 798 1360; x_wconf 87' lang='lat' dir='ltr'>impudentissime</span> <span class='ocrx_word' id='word_1_74' title='bbox 828 1277 1072 1339; x_wconf 81' lang='lat' dir='ltr'>audens</span> <span class='ocrx_word' id='word_1_75' title='bbox 1102 1278 1357 1357; x_wconf 90' lang='lat' dir='ltr'>docere,</span> <span class='ocrx_word' id='word_1_76' title='bbox 1377 1300 1638 1362; x_wconf 90' lang='lat' dir='ltr'>prorsus</span> <span class='ocrx_word' id='word_1_77' title='bbox 1658 1280 1837 1343; x_wconf 81' lang='lat' dir='ltr'>illam</span> <span class='ocrx_word' id='word_1_78' title='bbox 1856 1300 2047 1343; x_wconf 87' lang='lat' dir='ltr'>nosse</span> <span class='ocrx_word' id='word_1_79' title='bbox 2069 1302 2203 1344; x_wconf 91' lang='lat' dir='ltr'>non</span> <span class='ocrx_word' id='word_1_80' title='bbox 2221 1290 2459 1365; x_wconf 88' lang='lat' dir='ltr'>posset.</span> <span class='ocrx_word' id='word_1_81' title='bbox 2480 1279 2673 1342; x_wconf 76' lang='lat' dir='ltr'>dignum</span> 
     </span>
     <span class='ocr_line' id='line_1_11' title="bbox 239 1345 2702 1466; baseline 0.004 -28"><span class='ocrx_word' id='word_1_82' title='bbox 239 1376 515 1440; x_wconf 79' lang='lat' dir='ltr'>vanitas</span> <span class='ocrx_word' id='word_1_83' title='bbox 559 1384 658 1439; x_wconf 90' lang='lat' dir='ltr'>est</span> <span class='ocrx_word' id='word_1_84' title='bbox 699 1376 870 1440; x_wconf 90' lang='lat' dir='ltr'>enim</span> <span class='ocrx_word' id='word_1_85' title='bbox 913 1378 1244 1442; x_wconf 85' lang='lat' dir='ltr'>mundana</span> <span class='ocrx_word' id='word_1_86' title='bbox 1283 1380 1410 1443; x_wconf 82' lang='lat' dir='ltr'>ista</span> <span class='ocrx_word' id='word_1_87' title='bbox 1453 1380 1646 1443; x_wconf 78' lang='lat' dir='ltr'>etiam</span> <span class='ocrx_word' id='word_1_88' title='bbox 1689 1389 1847 1444; x_wconf 82' lang='lat' dir='ltr'>nota</span> <span class='ocrx_word' id='word_1_89' title='bbox 1901 1381 2207 1465; x_wconf 81' lang='lat' dir='ltr'>profiteri,</span> <span class='ocrx_word' id='word_1_90' title='bbox 2250 1384 2461 1466; x_wconf 83' lang='lat' dir='ltr'>pietas</span> <span class='ocrx_word' id='word_1_91' title='bbox 2478 1345 2702 1458; x_wconf 51' lang='lat' dir='ltr'>{2²2ng</span> 
     </span>
    </p>
   </div>
   <div class='ocr_carea' id='block_1_6' title="bbox 242 1474 2701 1585">
    <p class='ocr_par' dir='ltr' id='par_1_7' title="bbox 242 1472 2701 1585">
     <span class='ocr_line' id='line_1_12' title="bbox 242 1474 2701 1585; baseline 0.002 -45"><span class='ocrx_word' id='word_1_92' title='bbox 242 1484 459 1540; x_wconf 82' lang='lat' dir='ltr'>autem</span> <span class='ocrx_word' id='word_1_93' title='bbox 488 1478 608 1540; x_wconf 89' lang='lat' dir='ltr'>tibi</span> <span class='ocrx_word' id='word_1_94' title='bbox 637 1478 944 1541; x_wconf 87' lang='lat' dir='ltr'>confiteri.</span> <span class='ocrx_word' id='word_1_95' title='bbox 1040 1479 1231 1543; x_wconf 87' lang='lat' dir='ltr'>Unde</span> <span class='ocrx_word' id='word_1_96' title='bbox 1269 1481 1380 1543; x_wconf 83' lang='lat' dir='ltr'>ffle</span> <span class='ocrx_word' id='word_1_97' title='bbox 1422 1481 1667 1558; x_wconf 79' lang='lat' dir='ltr'>deviuS,</span> <span class='ocrx_word' id='word_1_98' title='bbox 1700 1482 1783 1544; x_wconf 81' lang='lat' dir='ltr'>ad</span> <span class='ocrx_word' id='word_1_99' title='bbox 1822 1482 1948 1546; x_wconf 90' lang='lat' dir='ltr'>hoc</span> <span class='ocrx_word' id='word_1_100' title='bbox 1962 1480 1992 1508; x_wconf 69' lang='lat'>¹*</span> <span class='ocrx_word' id='word_1_101' title='bbox 2022 1482 2148 1546; x_wconf 83' lang='lat' dir='ltr'>ista</span> <span class='ocrx_word' id='word_1_102' title='bbox 2188 1486 2457 1548; x_wconf 86' lang='lat' dir='ltr'>multum</span> <span class='ocrx_word' id='word_1_103' title='bbox 2478 1472 2701 1585; x_wconf 37' lang='lat' dir='ltr'>{1¹:5⁸⁰st-</span> 
     </span>
    </p>
   </div>
   <div class='ocr_carea' id='block_1_7' title="bbox 237 1580 2676 1669">
    <p class='ocr_par' dir='ltr' id='par_1_8' title="bbox 237 1580 2676 1669">
     <span class='ocr_line' id='line_1_13' title="bbox 237 1580 2676 1669; baseline 0.004 -29"><span class='ocrx_word' id='word_1_104' title='bbox 237 1580 498 1641; x_wconf 89' lang='lat' dir='ltr'>locutus</span> <span class='ocrx_word' id='word_1_105' title='bbox 527 1586 644 1657; x_wconf 90' lang='lat' dir='ltr'>est,</span> <span class='ocrx_word' id='word_1_106' title='bbox 672 1587 746 1642; x_wconf 89' lang='lat' dir='ltr'>ut</span> <span class='ocrx_word' id='word_1_107' title='bbox 775 1580 1108 1643; x_wconf 84' lang='lat' dir='ltr'>convictus</span> <span class='ocrx_word' id='word_1_108' title='bbox 1139 1583 1219 1644; x_wconf 85' lang='lat' dir='ltr'>ab</span> <span class='ocrx_word' id='word_1_109' title='bbox 1253 1581 1346 1644; x_wconf 89' lang='lat' dir='ltr'>eis</span> <span class='ocrx_word' id='word_1_110' title='bbox 1385 1582 1498 1665; x_wconf 91' lang='lat' dir='ltr'>qui</span> <span class='ocrx_word' id='word_1_111' title='bbox 1535 1583 1661 1645; x_wconf 84' lang='lat' dir='ltr'>ista</span> <span class='ocrx_word' id='word_1_112' title='bbox 1698 1604 1845 1645; x_wconf 84' lang='lat' dir='ltr'>vere</span> <span class='ocrx_word' id='word_1_113' title='bbox 1886 1583 2281 1663; x_wconf 85' lang='lat' dir='ltr'>didicissent,</span> <span class='ocrx_word' id='word_1_114' title='bbox 2314 1585 2459 1669; x_wconf 89' lang='lat' dir='ltr'>quis</span> <span class='ocrx_word' id='word_1_115' title='bbox 2477 1601 2572 1649; x_wconf 86' lang='lat' dir='ltr'>Job</span> <span class='ocrx_word' id='word_1_116' title='bbox 2592 1604 2676 1659; x_wconf 79' lang='lat'>28,</span> 
     </span>
    </p>
   </div>
   <div class='ocr_carea' id='block_1_8' title="bbox 242 1666 2677 1779">
    <p class='ocr_par' dir='ltr' id='par_1_9' title="bbox 242 1666 2677 1779">
     <span class='ocr_line' id='line_1_14' title="bbox 242 1666 2677 1779; baseline 0.005 -38"><span class='ocrx_word' id='word_1_117' title='bbox 242 1687 414 1742; x_wconf 86' lang='lat' dir='ltr'>esset</span> <span class='ocrx_word' id='word_1_118' title='bbox 465 1678 606 1763; x_wconf 85' lang='lat' dir='ltr'>ejus</span> <span class='ocrx_word' id='word_1_119' title='bbox 661 1702 886 1743; x_wconf 88' lang='lat' dir='ltr'>sensus</span> <span class='ocrx_word' id='word_1_120' title='bbox 927 1681 998 1741; x_wconf 82' lang='lat' dir='ltr'>in</span> <span class='ocrx_word' id='word_1_121' title='bbox 1043 1682 1291 1745; x_wconf 86' lang='lat' dir='ltr'>caeteris</span> <span class='ocrx_word' id='word_1_122' title='bbox 1348 1704 1493 1766; x_wconf 86' lang='lat' dir='ltr'>quae</span> <span class='ocrx_word' id='word_1_123' title='bbox 1552 1681 1870 1747; x_wconf 84' lang='lat' dir='ltr'>abditiora</span> <span class='ocrx_word' id='word_1_124' title='bbox 1914 1694 2082 1761; x_wconf 88' lang='lat' dir='ltr'>sunt,</span> <span class='ocrx_word' id='word_1_125' title='bbox 2125 1685 2459 1749; x_wconf 80' lang='lat' dir='ltr'>manifeste</span> <span class='ocrx_word' id='word_1_126' title='bbox 2477 1666 2677 1779; x_wconf 52' lang='grc' dir='ltr'>ἷξξζῇο·</span> 
     </span>
    </p>
   </div>
   <div class='ocr_carea' id='block_1_9' title="bbox 232 1782 2461 3285">
    <p class='ocr_par' dir='ltr' id='par_1_10' title="bbox 234 1782 2460 2669">
     <span class='ocr_line' id='line_1_15' title="bbox 242 1782 2460 1866; baseline 0.003 -23"><span class='ocrx_word' id='word_1_127' title='bbox 242 1789 752 1861; x_wconf 84' lang='lat' dir='ltr'>cognosceretur.</span> <span class='ocrx_word' id='word_1_128' title='bbox 844 1783 997 1846; x_wconf 92' lang='lat' dir='ltr'>Non</span> <span class='ocrx_word' id='word_1_129' title='bbox 1060 1782 1232 1845; x_wconf 90' lang='lat' dir='ltr'>enim</span> <span class='ocrx_word' id='word_1_130' title='bbox 1293 1784 1478 1866; x_wconf 85' lang='lat' dir='ltr'>parvi</span> <span class='ocrx_word' id='word_1_131' title='bbox 1542 1784 1897 1847; x_wconf 83' lang='lat' dir='ltr'>existimari</span> <span class='ocrx_word' id='word_1_132' title='bbox 1948 1806 2017 1849; x_wconf 90' lang='lat' dir='ltr'>se</span> <span class='ocrx_word' id='word_1_133' title='bbox 2067 1787 2293 1866; x_wconf 86' lang='lat' dir='ltr'>voluit,</span> <span class='ocrx_word' id='word_1_134' title='bbox 2345 1787 2460 1851; x_wconf 90' lang='lat' dir='ltr'>sed</span> 
     </span>
     <span class='ocr_line' id='line_1_16' title="bbox 243 1870 2457 1967; baseline 0.003 -23"><span class='ocrx_word' id='word_1_135' title='bbox 243 1882 558 1965; x_wconf 86' lang='lat' dir='ltr'>Spiritum</span> <span class='ocrx_word' id='word_1_136' title='bbox 588 1890 880 1945; x_wconf 82' lang='lat' dir='ltr'>sanctum</span> <span class='ocrx_word' id='word_1_137' title='bbox 911 1885 1377 1948; x_wconf 87' lang='lat' dir='ltr'>consolatorem</span> <span class='ocrx_word' id='word_1_138' title='bbox 1409 1870 1473 1949; x_wconf 82' lang='lat' dir='ltr'>et</span> <span class='ocrx_word' id='word_1_139' title='bbox 1502 1884 1837 1949; x_wconf 87' lang='lat' dir='ltr'>ditatorem</span> <span class='ocrx_word' id='word_1_140' title='bbox 1868 1884 2156 1951; x_wconf 90' lang='lat' dir='ltr'>fidelium</span> <span class='ocrx_word' id='word_1_141' title='bbox 2185 1896 2457 1967; x_wconf 89' lang='lat' dir='ltr'>tuorum,</span> 
     </span>
     <span class='ocr_line' id='line_1_17' title="bbox 241 1983 2460 2069; baseline 0.003 -24"><span class='ocrx_word' id='word_1_142' title='bbox 241 1983 619 2046; x_wconf 83' lang='lat' dir='ltr'>auctoritate</span> <span class='ocrx_word' id='word_1_143' title='bbox 645 1983 938 2067; x_wconf 86' lang='lat' dir='ltr'>plenaria</span> <span class='ocrx_word' id='word_1_144' title='bbox 964 1985 1418 2068; x_wconf 78' lang='lat' dir='ltr'>personaliter⁸</span> <span class='ocrx_word' id='word_1_145' title='bbox 1435 1985 1504 2047; x_wconf 92' lang='lat' dir='ltr'>in</span> <span class='ocrx_word' id='word_1_146' title='bbox 1523 2007 1592 2049; x_wconf 89' lang='lat' dir='ltr'>se</span> <span class='ocrx_word' id='word_1_147' title='bbox 1613 2006 1754 2049; x_wconf 89' lang='lat' dir='ltr'>esse</span> <span class='ocrx_word' id='word_1_148' title='bbox 1784 1987 2165 2069; x_wconf 88' lang='lat' dir='ltr'>persuadere</span> <span class='ocrx_word' id='word_1_149' title='bbox 2193 1995 2460 2051; x_wconf 85' lang='lat' dir='ltr'>conatus</span> 
     </span>
     <span class='ocr_line' id='line_1_18' title="bbox 240 2084 2458 2168; baseline 0.003 -22"><span class='ocrx_word' id='word_1_150' title='bbox 240 2091 358 2147; x_wconf 85' lang='lat' dir='ltr'>est.</span> <span class='ocrx_word' id='word_1_151' title='bbox 449 2086 700 2168; x_wconf 84' lang='lat' dir='ltr'>Itaque,</span> <span class='ocrx_word' id='word_1_152' title='bbox 732 2106 880 2149; x_wconf 92' lang='lat' dir='ltr'>cum</span> <span class='ocrx_word' id='word_1_153' title='bbox 910 2084 991 2148; x_wconf 92' lang='lat' dir='ltr'>de</span> <span class='ocrx_word' id='word_1_154' title='bbox 1021 2087 1188 2150; x_wconf 88' lang='lat' dir='ltr'>coelo</span> <span class='ocrx_word' id='word_1_155' title='bbox 1219 2108 1294 2149; x_wconf 86' lang='lat' dir='ltr'>ac</span> <span class='ocrx_word' id='word_1_156' title='bbox 1325 2087 1549 2167; x_wconf 83' lang='lat' dir='ltr'>stellis,</span> <span class='ocrx_word' id='word_1_157' title='bbox 1572 2095 1637 2149; x_wconf 89' lang='lat' dir='ltr'>et</span> <span class='ocrx_word' id='word_1_158' title='bbox 1668 2086 1749 2151; x_wconf 91' lang='lat' dir='ltr'>de</span> <span class='ocrx_word' id='word_1_159' title='bbox 1779 2088 1936 2151; x_wconf 88' lang='lat' dir='ltr'>solis</span> <span class='ocrx_word' id='word_1_160' title='bbox 1965 2110 2042 2151; x_wconf 87' lang='lat' dir='ltr'>ac</span> <span class='ocrx_word' id='word_1_161' title='bbox 2070 2090 2243 2151; x_wconf 81' lang='lat' dir='ltr'>lunae</span> <span class='ocrx_word' id='word_1_162' title='bbox 2272 2090 2458 2154; x_wconf 90' lang='lat' dir='ltr'>moti-</span> 
     </span>
     <span class='ocr_line' id='line_1_19' title="bbox 238 2185 2457 2271; baseline 0.003 -24"><span class='ocrx_word' id='word_1_163' title='bbox 238 2186 366 2247; x_wconf 87' lang='lat' dir='ltr'>bus</span> <span class='ocrx_word' id='word_1_164' title='bbox 389 2186 557 2248; x_wconf 82' lang='lat' dir='ltr'>falsa</span> <span class='ocrx_word' id='word_1_165' title='bbox 586 2185 830 2249; x_wconf 84' lang='lat' dir='ltr'>dixisse</span> <span class='ocrx_word' id='word_1_166' title='bbox 867 2185 1462 2270; x_wconf 81' lang='lat' dir='ltr'>deprehenderetur,</span> <span class='ocrx_word' id='word_1_167' title='bbox 1493 2188 1787 2271; x_wconf 83' lang='lat' dir='ltr'>quamvis</span> <span class='ocrx_word' id='word_1_168' title='bbox 1817 2188 1901 2251; x_wconf 81' lang='lat' dir='ltr'>ad</span> <span class='ocrx_word' id='word_1_169' title='bbox 1931 2187 2285 2253; x_wconf 83' lang='lat' dir='ltr'>doctrinam</span> <span class='ocrx_word' id='word_1_170' title='bbox 2312 2190 2457 2253; x_wconf 91' lang='lat' dir='ltr'>reli-</span> 
     </span>
     <span class='ocr_line' id='line_1_20' title="bbox 241 2286 2458 2373; baseline 0.003 -26"><span class='ocrx_word' id='word_1_171' title='bbox 241 2286 457 2366; x_wconf 88' lang='lat' dir='ltr'>gionis</span> <span class='ocrx_word' id='word_1_172' title='bbox 485 2286 612 2349; x_wconf 84' lang='lat' dir='ltr'>ista</span> <span class='ocrx_word' id='word_1_173' title='bbox 637 2307 772 2349; x_wconf 89' lang='lat' dir='ltr'>non</span> <span class='ocrx_word' id='word_1_174' title='bbox 810 2287 1192 2371; x_wconf 49' lang='lat' dir='ltr'>pertineant,</span> <span class='ocrx_word' id='word_1_175' title='bbox 1221 2295 1436 2350; x_wconf 84' lang='lat' dir='ltr'>tamen</span> <span class='ocrx_word' id='word_1_176' title='bbox 1476 2308 1670 2351; x_wconf 85' lang='lat' dir='ltr'>ausus</span> <span class='ocrx_word' id='word_1_177' title='bbox 1712 2288 1851 2373; x_wconf 86' lang='lat' dir='ltr'>ejus</span> <span class='ocrx_word' id='word_1_178' title='bbox 1887 2290 2233 2373; x_wconf 86' lang='lat' dir='ltr'>sacrilegos</span> <span class='ocrx_word' id='word_1_179' title='bbox 2260 2290 2458 2355; x_wconf 84' lang='lat' dir='ltr'>fuisse</span> 
     </span>
     <span class='ocr_line' id='line_1_21' title="bbox 239 2385 2457 2469; baseline 0.004 -22"><span class='ocrx_word' id='word_1_180' title='bbox 239 2385 400 2449; x_wconf 83' lang='lat' dir='ltr'>satis</span> <span class='ocrx_word' id='word_1_181' title='bbox 429 2386 774 2463; x_wconf 83' lang='lat' dir='ltr'>emineret3</span> <span class='ocrx_word' id='word_1_182' title='bbox 823 2408 974 2450; x_wconf 90' lang='lat' dir='ltr'>cum</span> <span class='ocrx_word' id='word_1_183' title='bbox 1002 2408 1080 2450; x_wconf 86' lang='lat' dir='ltr'>ea</span> <span class='ocrx_word' id='word_1_184' title='bbox 1107 2409 1237 2451; x_wconf 89' lang='lat' dir='ltr'>non</span> <span class='ocrx_word' id='word_1_185' title='bbox 1269 2389 1476 2451; x_wconf 91' lang='lat' dir='ltr'>solum</span> <span class='ocrx_word' id='word_1_186' title='bbox 1506 2389 1818 2469; x_wconf 81' lang='lat' dir='ltr'>ignorata,</span> <span class='ocrx_word' id='word_1_187' title='bbox 1845 2388 1959 2453; x_wconf 89' lang='lat' dir='ltr'>sed</span> <span class='ocrx_word' id='word_1_188' title='bbox 1988 2391 2182 2456; x_wconf 81' lang='lat' dir='ltr'>etiam</span> <span class='ocrx_word' id='word_1_189' title='bbox 2209 2392 2457 2465; x_wconf 84' lang='lat' dir='ltr'>falsata,</span> 
     </span>
     <span class='ocr_line' id='line_1_22' title="bbox 235 2483 2455 2576; baseline 0.004 -27"><span class='ocrx_word' id='word_1_190' title='bbox 235 2496 373 2549; x_wconf 82' lang='lat' dir='ltr'>tam</span> <span class='ocrx_word' id='word_1_191' title='bbox 387 2483 418 2513; x_wconf 65' lang='lat'>&#39;³</span> <span class='ocrx_word' id='word_1_192' title='bbox 445 2508 684 2550; x_wconf 80' lang='lat' dir='ltr'>vesana</span> <span class='ocrx_word' id='word_1_193' title='bbox 712 2488 1029 2571; x_wconf 82' lang='lat' dir='ltr'>superbiae</span> <span class='ocrx_word' id='word_1_194' title='bbox 1069 2488 1351 2552; x_wconf 85' lang='lat' dir='ltr'>vanitate</span> <span class='ocrx_word' id='word_1_195' title='bbox 1382 2487 1643 2568; x_wconf 88' lang='lat' dir='ltr'>diceret,</span> <span class='ocrx_word' id='word_1_196' title='bbox 1672 2497 1746 2553; x_wconf 91' lang='lat' dir='ltr'>ut</span> <span class='ocrx_word' id='word_1_197' title='bbox 1778 2511 1855 2553; x_wconf 82' lang='lat' dir='ltr'>ea</span> <span class='ocrx_word' id='word_1_198' title='bbox 1882 2498 2189 2576; x_wconf 86' lang='lat' dir='ltr'>tanquam</span> <span class='ocrx_word' id='word_1_199' title='bbox 2220 2493 2455 2558; x_wconf 83' lang='lat' dir='ltr'>divinae</span> 
     </span>
     <span class='ocr_line' id='line_1_23' title="bbox 234 2584 1379 2669; baseline 0.003 -21"><span class='ocrx_word' id='word_1_200' title='bbox 234 2584 568 2669; x_wconf 62' lang='lat' dir='ltr'>personaeh</span> <span class='ocrx_word' id='word_1_201' title='bbox 595 2588 872 2651; x_wconf 90' lang='lat' dir='ltr'>tribuere</span> <span class='ocrx_word' id='word_1_202' title='bbox 902 2588 1029 2652; x_wconf 88' lang='lat' dir='ltr'>sibi</span> <span class='ocrx_word' id='word_1_203' title='bbox 1057 2588 1379 2652; x_wconf 88' lang='lat' dir='ltr'>niteretur.</span> 
     </span>
    </p>

    <p class='ocr_par' dir='ltr' id='par_1_11' title="bbox 232 2688 2461 3285">
     <span class='ocr_line' id='line_1_24' title="bbox 325 2688 2459 2775; baseline 0.005 -26"><span class='ocrx_word' id='word_1_204' title='bbox 325 2691 386 2749; x_wconf 90' lang='grc'>9.</span> <span class='ocrx_word' id='word_1_205' title='bbox 434 2688 602 2752; x_wconf 88' lang='lat' dir='ltr'>Cum</span> <span class='ocrx_word' id='word_1_206' title='bbox 631 2689 801 2753; x_wconf 91' lang='lat' dir='ltr'>enim</span> <span class='ocrx_word' id='word_1_207' title='bbox 831 2689 1024 2753; x_wconf 84' lang='lat' dir='ltr'>audio</span> <span class='ocrx_word' id='word_1_208' title='bbox 1055 2689 1472 2753; x_wconf 80' lang='lat' dir='ltr'>christianum</span> <span class='ocrx_word' id='word_1_209' title='bbox 1517 2690 1798 2775; x_wconf 83' lang='lat' dir='ltr'>aliquem</span> <span class='ocrx_word' id='word_1_210' title='bbox 1826 2692 2103 2773; x_wconf 86' lang='lat' dir='ltr'>fratrem,</span> <span class='ocrx_word' id='word_1_211' title='bbox 2134 2694 2316 2757; x_wconf 90' lang='lat' dir='ltr'>illum</span> <span class='ocrx_word' id='word_1_212' title='bbox 2347 2704 2459 2759; x_wconf 83' lang='lat' dir='ltr'>aut</span> 
     </span>
     <span class='ocr_line' id='line_1_25' title="bbox 233 2788 2461 2878; baseline 0.004 -27"><span class='ocrx_word' id='word_1_213' title='bbox 233 2788 456 2866; x_wconf 79' lang='lat' dir='ltr'>illum,</span> <span class='ocrx_word' id='word_1_214' title='bbox 473 2789 600 2853; x_wconf 80' lang='lat' dir='ltr'>ista</span> <span class='ocrx_word' id='word_1_215' title='bbox 634 2791 1048 2867; x_wconf 85' lang='lat' dir='ltr'>nescientem,</span> <span class='ocrx_word' id='word_1_216' title='bbox 1077 2798 1143 2853; x_wconf 90' lang='lat' dir='ltr'>et</span> <span class='ocrx_word' id='word_1_217' title='bbox 1171 2790 1348 2853; x_wconf 85' lang='lat' dir='ltr'>aliud</span> <span class='ocrx_word' id='word_1_218' title='bbox 1382 2811 1502 2873; x_wconf 87' lang='lat' dir='ltr'>pro</span> <span class='ocrx_word' id='word_1_219' title='bbox 1544 2792 1673 2855; x_wconf 82' lang='lat' dir='ltr'>alio</span> <span class='ocrx_word' id='word_1_220' title='bbox 1712 2794 2114 2871; x_wconf 79' lang='lat' dir='ltr'>sentientem,</span> <span class='ocrx_word' id='word_1_221' title='bbox 2141 2795 2461 2878; x_wconf 84' lang='lat' dir='ltr'>patienter</span> 
     </span>
     <span class='ocr_line' id='line_1_26' title="bbox 235 2888 2457 2976; baseline 0.004 -25"><span class='ocrx_word' id='word_1_222' title='bbox 235 2888 493 2952; x_wconf 87' lang='lat' dir='ltr'>intueor</span> <span class='ocrx_word' id='word_1_223' title='bbox 521 2890 890 2974; x_wconf 79' lang='lat' dir='ltr'>opinantem</span> <span class='ocrx_word' id='word_1_224' title='bbox 919 2890 1275 2967; x_wconf 84' lang='lat' dir='ltr'>hominem3</span> <span class='ocrx_word' id='word_1_225' title='bbox 1317 2911 1440 2953; x_wconf 89' lang='lat' dir='ltr'>nec</span> <span class='ocrx_word' id='word_1_226' title='bbox 1470 2888 1569 2953; x_wconf 84' lang='lat' dir='ltr'>illi</span> <span class='ocrx_word' id='word_1_227' title='bbox 1599 2893 1825 2956; x_wconf 86' lang='lat' dir='ltr'>obesse</span> <span class='ocrx_word' id='word_1_228' title='bbox 1853 2893 2066 2973; x_wconf 79' lang='lat' dir='ltr'>viden,</span> <span class='ocrx_word' id='word_1_229' title='bbox 2084 2917 2232 2959; x_wconf 89' lang='lat' dir='ltr'>cum</span> <span class='ocrx_word' id='word_1_230' title='bbox 2264 2896 2345 2959; x_wconf 90' lang='lat' dir='ltr'>de</span> <span class='ocrx_word' id='word_1_231' title='bbox 2373 2907 2457 2976; x_wconf 93' lang='lat' dir='ltr'>te,</span> 
     </span>
     <span class='ocr_line' id='line_1_27' title="bbox 234 2990 2459 3075; baseline 0.004 -23"><span class='ocrx_word' id='word_1_232' title='bbox 234 2990 521 3053; x_wconf 86' lang='lat' dir='ltr'>Domine</span> <span class='ocrx_word' id='word_1_233' title='bbox 559 3000 805 3055; x_wconf 83' lang='lat' dir='ltr'>creator</span> <span class='ocrx_word' id='word_1_234' title='bbox 845 2992 1150 3069; x_wconf 89' lang='lat' dir='ltr'>omnium,</span> <span class='ocrx_word' id='word_1_235' title='bbox 1179 3012 1312 3055; x_wconf 89' lang='lat' dir='ltr'>non</span> <span class='ocrx_word' id='word_1_236' title='bbox 1355 2990 1576 3055; x_wconf 84' lang='lat' dir='ltr'>credat</span> <span class='ocrx_word' id='word_1_237' title='bbox 1611 2992 1898 3075; x_wconf 82' lang='lat' dir='ltr'>indigna,</span> <span class='ocrx_word' id='word_1_238' title='bbox 1930 2994 1985 3057; x_wconf 91' lang='lat' dir='ltr'>si</span> <span class='ocrx_word' id='word_1_239' title='bbox 2015 2995 2175 3059; x_wconf 80' lang='lat' dir='ltr'>forte</span> <span class='ocrx_word' id='word_1_240' title='bbox 2204 2996 2367 3059; x_wconf 86' lang='lat' dir='ltr'>situs</span> <span class='ocrx_word' id='word_1_241' title='bbox 2394 3006 2459 3061; x_wconf 89' lang='lat' dir='ltr'>et</span> 
     </span>
     <span class='ocr_line' id='line_1_28' title="bbox 234 3088 2458 3179; baseline 0.004 -28"><span class='ocrx_word' id='word_1_242' title='bbox 234 3088 500 3154; x_wconf 83' lang='lat' dir='ltr'>habitus</span> <span class='ocrx_word' id='word_1_243' title='bbox 540 3100 842 3179; x_wconf 77' lang='lat' dir='ltr'>creatmae</span> <span class='ocrx_word' id='word_1_244' title='bbox 883 3092 1232 3175; x_wconf 78' lang='lat' dir='ltr'>corporalis</span> <span class='ocrx_word' id='word_1_245' title='bbox 1274 3090 1545 3173; x_wconf 88' lang='lat' dir='ltr'>ignoret.</span> <span class='ocrx_word' id='word_1_246' title='bbox 1636 3094 1839 3157; x_wconf 89' lang='lat' dir='ltr'>Obest</span> <span class='ocrx_word' id='word_1_247' title='bbox 1878 3102 2089 3158; x_wconf 85' lang='lat' dir='ltr'>autem</span> <span class='ocrx_word' id='word_1_248' title='bbox 2120 3097 2175 3159; x_wconf 90' lang='lat' dir='ltr'>si</span> <span class='ocrx_word' id='word_1_249' title='bbox 2213 3097 2337 3159; x_wconf 92' lang='lat' dir='ltr'>hoc</span> <span class='ocrx_word' id='word_1_250' title='bbox 2372 3096 2458 3161; x_wconf 83' lang='lat' dir='ltr'>ad</span> 
     </span>
     <span class='ocr_line' id='line_1_29' title="bbox 232 3190 2458 3285; baseline 0.004 -34"><span class='ocrx_word' id='word_1_251' title='bbox 232 3190 447 3273; x_wconf 77' lang='lat' dir='ltr'>ipsam</span> <span class='ocrx_word' id='word_1_252' title='bbox 490 3192 799 3285; x_wconf 74' lang='lat' dir='ltr'>doctrinae</span> <span class='ocrx_word' id='word_1_253' title='bbox 841 3192 1102 3276; x_wconf 86' lang='lat' dir='ltr'>pietatis</span> <span class='ocrx_word' id='word_1_254' title='bbox 1129 3192 1394 3257; x_wconf 83' lang='lat' dir='ltr'>formam</span> <span class='ocrx_word' id='word_1_255' title='bbox 1431 3192 1749 3276; x_wconf 86' lang='lat' dir='ltr'>pertinere</span> <span class='ocrx_word' id='word_1_256' title='bbox 1778 3196 2132 3276; x_wconf 80' lang='lat' dir='ltr'>arbitretur,</span> <span class='ocrx_word' id='word_1_257' title='bbox 2160 3204 2226 3261; x_wconf 90' lang='lat' dir='ltr'>et</span> <span class='ocrx_word' id='word_1_258' title='bbox 2260 3198 2458 3281; x_wconf 88' lang='lat' dir='ltr'>perti-</span> 
     </span>
    </p>
   </div>
   <div class='ocr_carea' id='block_1_10' title="bbox 233 3432 2457 4587">
    <p class='ocr_par' dir='ltr' id='par_1_12' title="bbox 234 3432 2457 4139">
     <span class='ocr_line' id='line_1_30' title="bbox 303 3432 2457 3487; baseline 0.004 -10"><span class='ocrx_word' id='word_1_259' title='bbox 303 3438 329 3477; x_wconf 72' lang='lat'>8</span> <span class='ocrx_word' id='word_1_260' title='bbox 369 3432 724 3482; x_wconf 81' lang='lat' dir='ltr'>Promissionem</span> <span class='ocrx_word' id='word_1_261' title='bbox 762 3433 957 3483; x_wconf 88' lang='lat' dir='ltr'>Domini</span> <span class='ocrx_word' id='word_1_262' title='bbox 990 3434 1107 3483; x_wconf 80' lang='lat' dir='ltr'>Jesu</span> <span class='ocrx_word' id='word_1_263' title='bbox 1143 3432 1318 3483; x_wconf 86' lang='lat' dir='ltr'>Christi</span> <span class='ocrx_word' id='word_1_264' title='bbox 1381 3433 1506 3483; x_wconf 79' lang='lat' dir='ltr'>dicta</span> <span class='ocrx_word' id='word_1_265' title='bbox 1523 3435 1666 3483; x_wconf 83' lang='lat' dir='ltr'>sunt.’</span> <span class='ocrx_word' id='word_1_266' title='bbox 1733 3436 1837 3484; x_wconf 84' lang='lat' dir='ltr'>Nos</span> <span class='ocrx_word' id='word_1_267' title='bbox 1870 3436 2109 3485; x_wconf 82' lang='lat' dir='ltr'>audientes</span> <span class='ocrx_word' id='word_1_268' title='bbox 2137 3436 2339 3485; x_wconf 80' lang='lat' dir='ltr'>Paulum</span> <span class='ocrx_word' id='word_1_269' title='bbox 2366 3437 2457 3487; x_wconf 88' lang='lat' dir='ltr'>hoc</span> 
     </span>
     <span class='ocr_line' id='line_1_31' title="bbox 234 3496 2454 3566; baseline 0.002 -21"><span class='ocrx_word' id='word_1_270' title='bbox 234 3496 302 3545; x_wconf 85' lang='lat' dir='ltr'>de</span> <span class='ocrx_word' id='word_1_271' title='bbox 327 3496 577 3546; x_wconf 75' lang='lat' dir='ltr'>Paracleto</span> <span class='ocrx_word' id='word_1_272' title='bbox 606 3497 642 3547; x_wconf 89' lang='lat' dir='ltr'>S</span> <span class='ocrx_word' id='word_1_273' title='bbox 673 3498 968 3547; x_wconf 75' lang='lat' dir='ltr'>irim—sancto</span> <span class='ocrx_word' id='word_1_274' title='bbox 989 3497 1039 3546; x_wconf 84' lang='lat' dir='ltr'>in</span> <span class='ocrx_word' id='word_1_275' title='bbox 1061 3514 1146 3547; x_wconf 84' lang='lat' dir='ltr'>suo</span> <span class='ocrx_word' id='word_1_276' title='bbox 1168 3498 1317 3547; x_wconf 78' lang='lat' dir='ltr'>haere-</span> <span class='ocrx_word' id='word_1_277' title='bbox 1381 3498 1553 3555; x_wconf 82' lang='lat' dir='ltr'>dicere,</span> <span class='ocrx_word' id='word_1_278' title='bbox 1586 3498 1715 3548; x_wconf 81' lang='lat' dir='ltr'>venit</span> <span class='ocrx_word' id='word_1_279' title='bbox 1746 3500 2047 3549; x_wconf 77' lang='lat' dir='ltr'>Manichaeus</span> <span class='ocrx_word' id='word_1_280' title='bbox 2080 3516 2188 3549; x_wconf 88' lang='lat' dir='ltr'>cum</span> <span class='ocrx_word' id='word_1_281' title='bbox 2228 3502 2454 3566; x_wconf 69' lang='lat' dir='ltr'>predica·</span> 
     </span>
     <span class='ocr_line' id='line_1_32' title="bbox 234 3560 2452 3629; baseline 0.002 -20"><span class='ocrx_word' id='word_1_282' title='bbox 234 3560 426 3610; x_wconf 78' lang='lat' dir='ltr'>siarcha</span> <span class='ocrx_word' id='word_1_283' title='bbox 463 3562 632 3610; x_wconf 76' lang='lat' dir='ltr'>Manic</span> <span class='ocrx_word' id='word_1_284' title='bbox 669 3578 738 3611; x_wconf 57' lang='grc' dir='ltr'>πο</span> <span class='ocrx_word' id='word_1_285' title='bbox 771 3564 934 3611; x_wconf 82' lang='lat' dir='ltr'>dicunt</span> <span class='ocrx_word' id='word_1_286' title='bbox 971 3578 1069 3611; x_wconf 83' lang='lat' dir='ltr'>esse</span> <span class='ocrx_word' id='word_1_287' title='bbox 1111 3562 1317 3627; x_wconf 86' lang='lat' dir='ltr'>comple·</span> <span class='ocrx_word' id='word_1_288' title='bbox 1381 3562 1506 3611; x_wconf 88' lang='lat' dir='ltr'>tione</span> <span class='ocrx_word' id='word_1_289' title='bbox 1529 3578 1631 3615; x_wconf 82' lang='lat' dir='ltr'>sna.</span> <span class='ocrx_word' id='word_1_290' title='bbox 1654 3570 1701 3611; x_wconf 84' lang='lat' dir='ltr'>et</span> <span class='ocrx_word' id='word_1_291' title='bbox 1732 3564 2023 3629; x_wconf 84' lang='lat' dir='ltr'>suscepimus</span> <span class='ocrx_word' id='word_1_292' title='bbox 2051 3580 2159 3613; x_wconf 87' lang='lat' dir='ltr'>eum</span> <span class='ocrx_word' id='word_1_293' title='bbox 2192 3567 2452 3614; x_wconf 85' lang='lat' dir='ltr'>secundum</span> 
     </span>
     <span class='ocr_line' id='line_1_33' title="bbox 235 3624 2452 3690; baseline 0.002 -17"><span class='ocrx_word' id='word_1_294' title='bbox 235 3632 352 3673; x_wconf 78' lang='lat' dir='ltr'>tam.</span> <span class='ocrx_word' id='word_1_295' title='bbox 407 3624 548 3674; x_wconf 88' lang='lat' dir='ltr'>Unde</span> <span class='ocrx_word' id='word_1_296' title='bbox 570 3642 620 3674; x_wconf 83' lang='lat' dir='ltr'>se</span> <span class='ocrx_word' id='word_1_297' title='bbox 641 3626 686 3674; x_wconf 86' lang='lat' dir='ltr'>in</span> <span class='ocrx_word' id='word_1_298' title='bbox 710 3627 806 3676; x_wconf 83' lang='lat' dir='ltr'>suis</span> <span class='ocrx_word' id='word_1_299' title='bbox 825 3626 988 3675; x_wconf 75' lang='lat' dir='ltr'>litteris</span> <span class='ocrx_word' id='word_1_300' title='bbox 1011 3626 1042 3675; x_wconf 86' lang='lat' dir='ltr'><strong>J</strong></span> <span class='ocrx_word' id='word_1_301' title='bbox 1045 3642 1126 3675; x_wconf 85' lang='lat' dir='ltr'>esu</span> <span class='ocrx_word' id='word_1_302' title='bbox 1146 3626 1318 3676; x_wconf 86' lang='lat' dir='ltr'>Christi</span> <span class='ocrx_word' id='word_1_303' title='bbox 1381 3628 1508 3690; x_wconf 80' lang='lat' dir='ltr'>quod</span> <span class='ocrx_word' id='word_1_304' title='bbox 1521 3626 1733 3675; x_wconf 86' lang='lat' dir='ltr'>Christus</span> <span class='ocrx_word' id='word_1_305' title='bbox 1747 3628 1881 3680; x_wconf 86' lang='lat' dir='ltr'>dixit.</span> <span class='ocrx_word' id='word_1_306' title='bbox 1898 3634 1911 3654; x_wconf 85' lang='lat'>‘</span> <span class='ocrx_word' id='word_1_307' title='bbox 1928 3628 2067 3676; x_wconf 83' lang='lat' dir='ltr'>Mitto</span> <span class='ocrx_word' id='word_1_308' title='bbox 2080 3629 2213 3678; x_wconf 81' lang='lat' dir='ltr'>vobis</span> <span class='ocrx_word' id='word_1_309' title='bbox 2228 3628 2452 3689; x_wconf 86' lang='lat' dir='ltr'>Spiritum</span> 
     </span>
     <span class='ocr_line' id='line_1_34' title="bbox 235 3689 2455 3757; baseline 0.002 -21"><span class='ocrx_word' id='word_1_310' title='bbox 235 3689 504 3754; x_wconf 77' lang='lat' dir='ltr'>apostolum</span> <span class='ocrx_word' id='word_1_311' title='bbox 525 3690 657 3742; x_wconf 80' lang='lat' dir='ltr'>dicit.</span> <span class='ocrx_word' id='word_1_312' title='bbox 679 3706 736 3739; x_wconf 90' lang='lat' dir='ltr'>eo</span> <span class='ocrx_word' id='word_1_313' title='bbox 770 3692 896 3755; x_wconf 82' lang='lat' dir='ltr'>quod</span> <span class='ocrx_word' id='word_1_314' title='bbox 930 3692 1070 3739; x_wconf 86' lang='lat' dir='ltr'>Jesus</span> <span class='ocrx_word' id='word_1_315' title='bbox 1104 3690 1316 3739; x_wconf 85' lang='lat' dir='ltr'>Christus</span> <span class='ocrx_word' id='word_1_316' title='bbox 1379 3698 1593 3739; x_wconf 69' lang='lat' dir='ltr'>sanctum</span> <span class='ocrx_word' id='word_1_317' title='bbox 1618 3692 1655 3738; x_wconf 69' lang='grc' dir='ltr'>ε’</span> <span class='ocrx_word' id='word_1_318' title='bbox 1684 3700 1733 3739; x_wconf 84' lang='lat' dir='ltr'>et</span> <span class='ocrx_word' id='word_1_319' title='bbox 1758 3692 1935 3741; x_wconf 82' lang='lat' dir='ltr'>Paulus</span> <span class='ocrx_word' id='word_1_320' title='bbox 1962 3692 2087 3741; x_wconf 86' lang='lat' dir='ltr'>venit</span> <span class='ocrx_word' id='word_1_321' title='bbox 2114 3701 2162 3741; x_wconf 88' lang='lat' dir='ltr'>et</span> <span class='ocrx_word' id='word_1_322' title='bbox 2190 3692 2321 3748; x_wconf 84' lang='lat' dir='ltr'>dixit,</span> <span class='ocrx_word' id='word_1_323' title='bbox 2344 3694 2455 3757; x_wconf 76' lang='lat' dir='ltr'>quia</span> 
     </span>
     <span class='ocr_line' id='line_1_35' title="bbox 235 3753 2449 3821; baseline 0.001 -19"><span class='ocrx_word' id='word_1_324' title='bbox 235 3768 286 3802; x_wconf 81' lang='lat' dir='ltr'>se</span> <span class='ocrx_word' id='word_1_325' title='bbox 309 3753 560 3802; x_wconf 81' lang='lat' dir='ltr'>missurum</span> <span class='ocrx_word' id='word_1_326' title='bbox 585 3769 685 3803; x_wconf 87' lang='lat' dir='ltr'>esse</span> <span class='ocrx_word' id='word_1_327' title='bbox 705 3755 974 3819; x_wconf 81' lang='lat' dir='ltr'>promiserit,</span> <span class='ocrx_word' id='word_1_328' title='bbox 1000 3763 1140 3819; x_wconf 80' lang='lat' dir='ltr'>atque</span> <span class='ocrx_word' id='word_1_329' title='bbox 1161 3755 1212 3803; x_wconf 86' lang='lat' dir='ltr'>in</span> <span class='ocrx_word' id='word_1_330' title='bbox 1233 3755 1314 3803; x_wconf 89' lang='lat' dir='ltr'>illo</span> <span class='ocrx_word' id='word_1_331' title='bbox 1378 3762 1428 3803; x_wconf 86' lang='lat' dir='ltr'>et</span> <span class='ocrx_word' id='word_1_332' title='bbox 1445 3754 1544 3821; x_wconf 82' lang='lat' dir='ltr'>ipse</span> <span class='ocrx_word' id='word_1_333' title='bbox 1556 3762 1779 3803; x_wconf 79' lang='lat' dir='ltr'>venturus</span> <span class='ocrx_word' id='word_1_334' title='bbox 1800 3766 1884 3813; x_wconf 82' lang='lat' dir='ltr'>est,</span> <span class='ocrx_word' id='word_1_335' title='bbox 1902 3764 1950 3804; x_wconf 88' lang='lat' dir='ltr'>et</span> <span class='ocrx_word' id='word_1_336' title='bbox 1970 3765 2130 3821; x_wconf 82' lang='lat' dir='ltr'>postea</span> <span class='ocrx_word' id='word_1_337' title='bbox 2146 3773 2283 3807; x_wconf 86' lang='lat' dir='ltr'>nemo</span> <span class='ocrx_word' id='word_1_338' title='bbox 2298 3757 2449 3805; x_wconf 78' lang='lat' dir='ltr'>venit:</span> 
     </span>
     <span class='ocr_line' id='line_1_36' title="bbox 235 3816 2454 3895; baseline 0.002 -31"><span class='ocrx_word' id='word_1_339' title='bbox 235 3816 416 3865; x_wconf 82' lang='lat' dir='ltr'>miserit</span> <span class='ocrx_word' id='word_1_340' title='bbox 431 3818 656 3882; x_wconf 63' lang='lat' dir='ltr'>Spiritum</span> <span class='ocrx_word' id='word_1_341' title='bbox 675 3819 922 3867; x_wconf 83' lang='lat' dir='ltr'>Sanctum.</span> <span class='ocrx_word' id='word_1_342' title='bbox 972 3818 1166 3883; x_wconf 83' lang='lat' dir='ltr'>Propter</span> <span class='ocrx_word' id='word_1_343' title='bbox 1188 3819 1314 3895; x_wconf 76' lang='lat' dir='ltr'>quod</span> <span class='ocrx_word' id='word_1_344' title='bbox 1381 3818 1486 3867; x_wconf 91' lang='lat' dir='ltr'>ideo</span> <span class='ocrx_word' id='word_1_345' title='bbox 1517 3819 1809 3893; x_wconf 81' lang='lat' dir='ltr'>suscepimus</span> <span class='ocrx_word' id='word_1_346' title='bbox 1836 3819 2178 3869; x_wconf 80' lang='lat' dir='ltr'>Manichaeum.</span> <span class='ocrx_word' id='word_1_347' title='bbox 2249 3823 2312 3869; x_wconf 88' lang='lat' dir='ltr'>Et</span> <span class='ocrx_word' id='word_1_348' title='bbox 2343 3822 2454 3895; x_wconf 76' lang='lat' dir='ltr'>quia</span> 
     </span>
     <span class='ocr_line' id='line_1_37' title="bbox 236 3881 2453 3949; baseline 0.002 -20"><span class='ocrx_word' id='word_1_349' title='bbox 236 3881 381 3929; x_wconf 68' lang='lat' dir='ltr'>etiam</span> <span class='ocrx_word' id='word_1_350' title='bbox 423 3881 522 3947; x_wconf 83' lang='lat' dir='ltr'>ipse</span> <span class='ocrx_word' id='word_1_351' title='bbox 555 3882 858 3931; x_wconf 66' lang='lat' dir='ltr'>Manichacus</span> <span class='ocrx_word' id='word_1_352' title='bbox 894 3883 1142 3931; x_wconf 86' lang='lat' dir='ltr'>duodecim</span> <span class='ocrx_word' id='word_1_353' title='bbox 1179 3883 1316 3932; x_wconf 78' lang='lat' dir='ltr'>disci·</span> <span class='ocrx_word' id='word_1_354' title='bbox 1378 3882 1506 3931; x_wconf 77' lang='lat' dir='ltr'>venit</span> <span class='ocrx_word' id='word_1_355' title='bbox 1537 3883 1852 3942; x_wconf 79' lang='lat' dir='ltr'>Mamehaeus,</span> <span class='ocrx_word' id='word_1_356' title='bbox 1876 3892 1923 3933; x_wconf 91' lang='lat' dir='ltr'>et</span> <span class='ocrx_word' id='word_1_357' title='bbox 1956 3900 2039 3949; x_wconf 86' lang='lat' dir='ltr'>per</span> <span class='ocrx_word' id='word_1_358' title='bbox 2070 3900 2203 3933; x_wconf 74' lang='lat' dir='ltr'>suam</span> <span class='ocrx_word' id='word_1_359' title='bbox 2228 3886 2453 3949; x_wconf 65' lang='lat' dir='ltr'>predica-</span> 
     </span>
     <span class='ocr_line' id='line_1_38' title="bbox 237 3945 2455 4011; baseline 0.002 -18"><span class='ocrx_word' id='word_1_360' title='bbox 237 3945 376 4009; x_wconf 86' lang='lat' dir='ltr'>pulos</span> <span class='ocrx_word' id='word_1_361' title='bbox 400 3945 583 4003; x_wconf 84' lang='lat' dir='ltr'>habuit,</span> <span class='ocrx_word' id='word_1_362' title='bbox 608 3947 668 3995; x_wconf 84' lang='lat' dir='ltr'>ad</span> <span class='ocrx_word' id='word_1_363' title='bbox 688 3946 833 3995; x_wconf 75' lang='lat' dir='ltr'>instar</span> <span class='ocrx_word' id='word_1_364' title='bbox 855 3946 1094 4011; x_wconf 79' lang='lat' dir='ltr'>apostolici</span> <span class='ocrx_word' id='word_1_365' title='bbox 1117 3946 1314 4001; x_wconf 88' lang='lat' dir='ltr'>numeri,</span> <span class='ocrx_word' id='word_1_366' title='bbox 1381 3946 1552 3995; x_wconf 88' lang='lat' dir='ltr'>tionem</span> <span class='ocrx_word' id='word_1_367' title='bbox 1598 3947 1758 3995; x_wconf 87' lang='lat' dir='ltr'>docuit</span> <span class='ocrx_word' id='word_1_368' title='bbox 1789 3964 1873 3996; x_wconf 88' lang='lat' dir='ltr'>nos</span> <span class='ocrx_word' id='word_1_369' title='bbox 1914 3947 2117 4003; x_wconf 83' lang='lat' dir='ltr'>initium,</span> <span class='ocrx_word' id='word_1_370' title='bbox 2150 3948 2372 4003; x_wconf 85' lang='lat' dir='ltr'>medium,</span> <span class='ocrx_word' id='word_1_371' title='bbox 2406 3956 2455 3997; x_wconf 89' lang='lat' dir='ltr'>et</span> 
     </span>
     <span class='ocr_line' id='line_1_39' title="bbox 237 4010 2451 4075; baseline 0.002 -18"><span class='ocrx_word' id='word_1_372' title='bbox 237 4022 381 4072; x_wconf 79' lang='lat' dir='ltr'>quem</span> <span class='ocrx_word' id='word_1_373' title='bbox 401 4025 651 4059; x_wconf 84' lang='lat' dir='ltr'>numerum</span> <span class='ocrx_word' id='word_1_374' title='bbox 673 4010 937 4058; x_wconf 72' lang='lat' dir='ltr'>Manichzei</span> <span class='ocrx_word' id='word_1_375' title='bbox 960 4010 1188 4075; x_wconf 81' lang='lat' dir='ltr'>hodieque</span> <span class='ocrx_word' id='word_1_376' title='bbox 1207 4026 1314 4060; x_wconf 83' lang='lat' dir='ltr'>cus-</span> <span class='ocrx_word' id='word_1_377' title='bbox 1381 4011 1521 4059; x_wconf 85' lang='lat' dir='ltr'>finem</span> <span class='ocrx_word' id='word_1_378' title='bbox 1544 4030 1559 4073; x_wconf 83' lang='lat'><em>3</em></span> <span class='ocrx_word' id='word_1_379' title='bbox 1610 4010 1773 4058; x_wconf 87' lang='lat' dir='ltr'>docuit</span> <span class='ocrx_word' id='word_1_380' title='bbox 1814 4028 1899 4060; x_wconf 86' lang='lat' dir='ltr'>nos</span> <span class='ocrx_word' id='word_1_381' title='bbox 1940 4012 2001 4060; x_wconf 82' lang='lat' dir='ltr'>de</span> <span class='ocrx_word' id='word_1_382' title='bbox 2043 4011 2222 4061; x_wconf 80' lang='lat' dir='ltr'>fabrica</span> <span class='ocrx_word' id='word_1_383' title='bbox 2270 4014 2451 4069; x_wconf 81' lang='lat' dir='ltr'>mundi,</span> 
     </span>
     <span class='ocr_line' id='line_1_40' title="bbox 236 4073 2455 4139; baseline 0.002 -19"><span class='ocrx_word' id='word_1_384' title='bbox 236 4073 440 4121; x_wconf 82' lang='lat' dir='ltr'>todiunt.</span> <span class='ocrx_word' id='word_1_385' title='bbox 491 4073 624 4139; x_wconf 85' lang='lat' dir='ltr'>Aug.</span> <span class='ocrx_word' id='word_1_386' title='bbox 647 4075 706 4123; x_wconf 85' lang='lat' dir='ltr'>de</span> <span class='ocrx_word' id='word_1_387' title='bbox 730 4076 916 4123; x_wconf 78' lang='lat' dir='ltr'>Haeres.</span> <span class='ocrx_word' id='word_1_388' title='bbox 1379 4090 1526 4139; x_wconf 74' lang='lat' dir='ltr'>quare</span> <span class='ocrx_word' id='word_1_389' title='bbox 1569 4074 1695 4121; x_wconf 77' lang='lat' dir='ltr'>facta</span> <span class='ocrx_word' id='word_1_390' title='bbox 1736 4082 1821 4133; x_wconf 84' lang='lat' dir='ltr'>est,</span> <span class='ocrx_word' id='word_1_391' title='bbox 1864 4084 1912 4123; x_wconf 88' lang='lat' dir='ltr'>et</span> <span class='ocrx_word' id='word_1_392' title='bbox 1956 4076 2081 4123; x_wconf 84' lang='lat' dir='ltr'>unde</span> <span class='ocrx_word' id='word_1_393' title='bbox 2123 4076 2250 4123; x_wconf 77' lang='lat' dir='ltr'>facta</span> <span class='ocrx_word' id='word_1_394' title='bbox 2286 4086 2371 4133; x_wconf 82' lang='lat' dir='ltr'>est,</span> <span class='ocrx_word' id='word_1_395' title='bbox 2406 4084 2455 4125; x_wconf 85' lang='lat' dir='ltr'>et</span> 
     </span>
    </p>

    <p class='ocr_par' dir='ltr' id='par_1_13' title="bbox 233 4136 2456 4460">
     <span class='ocr_line' id='line_1_41' title="bbox 306 4136 2455 4203; baseline 0.002 -19"><span class='ocrx_word' id='word_1_396' title='bbox 306 4136 334 4175; x_wconf 78' lang='lat'>1²</span> <span class='ocrx_word' id='word_1_397' title='bbox 367 4138 448 4185; x_wconf 87' lang='lat' dir='ltr'>ob</span> <span class='ocrx_word' id='word_1_398' title='bbox 471 4137 560 4186; x_wconf 81' lang='lat' dir='ltr'>has</span> <span class='ocrx_word' id='word_1_399' title='bbox 581 4138 758 4187; x_wconf 86' lang='lat' dir='ltr'>scilicet</span> <span class='ocrx_word' id='word_1_400' title='bbox 776 4138 964 4186; x_wconf 76' lang='lat' dir='ltr'>fabulas</span> <span class='ocrx_word' id='word_1_401' title='bbox 984 4138 1312 4187; x_wconf 80' lang='lat' dir='ltr'>astronomicas</span> <span class='ocrx_word' id='word_1_402' title='bbox 1379 4138 1490 4203; x_wconf 78' lang='lat' dir='ltr'>quia</span> <span class='ocrx_word' id='word_1_403' title='bbox 1519 4138 1756 4197; x_wconf 77' lang='lat' dir='ltr'>fecerunt3</span> <span class='ocrx_word' id='word_1_404' title='bbox 1797 4139 1958 4187; x_wconf 87' lang='lat' dir='ltr'>docuit</span> <span class='ocrx_word' id='word_1_405' title='bbox 1990 4155 2074 4187; x_wconf 84' lang='lat' dir='ltr'>nos</span> <span class='ocrx_word' id='word_1_406' title='bbox 2102 4154 2247 4203; x_wconf 84' lang='lat' dir='ltr'>quare</span> <span class='ocrx_word' id='word_1_407' title='bbox 2268 4137 2381 4194; x_wconf 86' lang='lat' dir='ltr'>dies,</span> <span class='ocrx_word' id='word_1_408' title='bbox 2406 4150 2455 4189; x_wconf 83' lang='lat' dir='ltr'>et</span> 
     </span>
     <span class='ocr_line' id='line_1_42' title="bbox 236 4200 2456 4266; baseline 0.002 -18"><span class='ocrx_word' id='word_1_409' title='bbox 236 4200 570 4251; x_wconf 74' lang='lat' dir='ltr'>Manichaeum</span> <span class='ocrx_word' id='word_1_410' title='bbox 609 4202 907 4251; x_wconf 75' lang='lat' dir='ltr'>Paracletum</span> <span class='ocrx_word' id='word_1_411' title='bbox 945 4202 1083 4251; x_wconf 81' lang='lat' dir='ltr'>fuisse</span> <span class='ocrx_word' id='word_1_412' title='bbox 1114 4202 1318 4251; x_wconf 85' lang='lat' dir='ltr'>credide-</span> <span class='ocrx_word' id='word_1_413' title='bbox 1383 4216 1529 4266; x_wconf 77' lang='lat' dir='ltr'>quare</span> <span class='ocrx_word' id='word_1_414' title='bbox 1574 4217 1696 4258; x_wconf 86' lang='lat' dir='ltr'>nox;</span> <span class='ocrx_word' id='word_1_415' title='bbox 1741 4203 1899 4251; x_wconf 86' lang='lat' dir='ltr'>docuit</span> <span class='ocrx_word' id='word_1_416' title='bbox 1938 4218 2022 4251; x_wconf 78' lang='lat' dir='ltr'>nos</span> <span class='ocrx_word' id='word_1_417' title='bbox 2059 4203 2119 4251; x_wconf 84' lang='lat' dir='ltr'>de</span> <span class='ocrx_word' id='word_1_418' title='bbox 2158 4219 2299 4253; x_wconf 85' lang='lat' dir='ltr'>cursu</span> <span class='ocrx_word' id='word_1_419' title='bbox 2342 4205 2456 4253; x_wconf 75' lang='lat' dir='ltr'>solis</span> 
     </span>
     <span class='ocr_line' id='line_1_43' title="bbox 235 4265 2453 4332; baseline 0.002 -19"><span class='ocrx_word' id='word_1_420' title='bbox 235 4272 348 4313; x_wconf 83' lang='lat' dir='ltr'>runt</span> <span class='ocrx_word' id='word_1_421' title='bbox 369 4274 622 4315; x_wconf 57' lang='lat' dir='ltr'>sectatores</span> <span class='ocrx_word' id='word_1_422' title='bbox 643 4268 766 4331; x_wconf 87' lang='lat' dir='ltr'>ejus,</span> <span class='ocrx_word' id='word_1_423' title='bbox 782 4275 896 4315; x_wconf 82' lang='lat' dir='ltr'>teste</span> <span class='ocrx_word' id='word_1_424' title='bbox 918 4266 1073 4315; x_wconf 84' lang='lat' dir='ltr'>Felice</span> <span class='ocrx_word' id='word_1_425' title='bbox 1091 4281 1170 4332; x_wconf 82' lang='lat' dir='ltr'>ap.</span> <span class='ocrx_word' id='word_1_426' title='bbox 1189 4266 1320 4330; x_wconf 83' lang='lat' dir='ltr'>Aug.</span> <span class='ocrx_word' id='word_1_427' title='bbox 1383 4274 1432 4314; x_wconf 87' lang='lat' dir='ltr'>et</span> <span class='ocrx_word' id='word_1_428' title='bbox 1452 4266 1579 4313; x_wconf 80' lang='lat' dir='ltr'>lunae</span> <span class='ocrx_word' id='word_1_429' title='bbox 1602 4285 1612 4313; x_wconf 90' lang='lat'>:</span> <span class='ocrx_word' id='word_1_430' title='bbox 1650 4265 1763 4328; x_wconf 81' lang='lat' dir='ltr'>quia</span> <span class='ocrx_word' id='word_1_431' title='bbox 1783 4266 1871 4315; x_wconf 90' lang='lat' dir='ltr'>hoc</span> <span class='ocrx_word' id='word_1_432' title='bbox 1891 4268 1943 4314; x_wconf 89' lang='lat' dir='ltr'>in</span> <span class='ocrx_word' id='word_1_433' title='bbox 1968 4266 2121 4315; x_wconf 77' lang='lat' dir='ltr'>Paulo</span> <span class='ocrx_word' id='word_1_434' title='bbox 2142 4282 2238 4315; x_wconf 87' lang='lat' dir='ltr'>non</span> <span class='ocrx_word' id='word_1_435' title='bbox 2270 4269 2453 4317; x_wconf 81' lang='lat' dir='ltr'>audivi·</span> 
     </span>
     <span class='ocr_line' id='line_1_44' title="bbox 235 4327 2451 4405; baseline 0.001 -28"><span class='ocrx_word' id='word_1_436' title='bbox 235 4327 365 4378; x_wconf 81' lang='lat' dir='ltr'>Acta</span> <span class='ocrx_word' id='word_1_437' title='bbox 387 4345 434 4377; x_wconf 89' lang='lat' dir='ltr'>c.</span> <span class='ocrx_word' id='word_1_438' title='bbox 456 4330 562 4379; x_wconf 86' lang='lat' dir='ltr'>Fel.</span> <span class='ocrx_word' id='word_1_439' title='bbox 588 4330 726 4380; x_wconf 85' lang='lat' dir='ltr'>Man.</span> <span class='ocrx_word' id='word_1_440' title='bbox 754 4330 790 4379; x_wconf 90' lang='lat' dir='ltr'>i.</span> <span class='ocrx_word' id='word_1_441' title='bbox 813 4332 864 4379; x_wconf 90' lang='grc'>9.</span> <span class='ocrx_word' id='word_1_442' title='bbox 932 4335 966 4357; x_wconf 85' lang='grc'><strong>“</strong></span> <span class='ocrx_word' id='word_1_443' title='bbox 996 4330 1172 4379; x_wconf 80' lang='lat' dir='ltr'>Paulus</span> <span class='ocrx_word' id='word_1_444' title='bbox 1193 4330 1318 4379; x_wconf 87' lang='lat' dir='ltr'>enim</span> <span class='ocrx_word' id='word_1_445' title='bbox 1383 4345 1505 4386; x_wconf 83' lang='lat' dir='ltr'>mus,</span> <span class='ocrx_word' id='word_1_446' title='bbox 1559 4345 1647 4379; x_wconf 88' lang='lat' dir='ltr'>nec</span> <span class='ocrx_word' id='word_1_447' title='bbox 1700 4328 1749 4379; x_wconf 87' lang='lat' dir='ltr'>in</span> <span class='ocrx_word' id='word_1_448' title='bbox 1803 4338 2060 4379; x_wconf 84' lang='lat' dir='ltr'>ceterorum</span> <span class='ocrx_word' id='word_1_449' title='bbox 2116 4332 2451 4405; x_wconf 83' lang='lat' dir='ltr'>Apostolorum</span> 
     </span>
     <span class='ocr_line' id='line_1_45' title="bbox 233 4392 2454 4460; baseline 0.001 -19"><span class='ocrx_word' id='word_1_450' title='bbox 233 4392 366 4449; x_wconf 84' lang='lat' dir='ltr'>dicit,</span> <span class='ocrx_word' id='word_1_451' title='bbox 394 4398 410 4419; x_wconf 79' lang='lat'><strong><em>⁴</em></strong></span> <span class='ocrx_word' id='word_1_452' title='bbox 435 4407 498 4443; x_wconf 78' lang='lat' dir='ltr'>ex</span> <span class='ocrx_word' id='word_1_453' title='bbox 529 4401 662 4459; x_wconf 75' lang='lat' dir='ltr'>parto</span> <span class='ocrx_word' id='word_1_454' title='bbox 693 4394 884 4453; x_wconf 80' lang='lat' dir='ltr'>scimus,</span> <span class='ocrx_word' id='word_1_455' title='bbox 903 4401 952 4443; x_wconf 78' lang='lat' dir='ltr'>et</span> <span class='ocrx_word' id='word_1_456' title='bbox 971 4408 1032 4443; x_wconf 83' lang='lat' dir='ltr'>ex</span> <span class='ocrx_word' id='word_1_457' title='bbox 1055 4402 1186 4459; x_wconf 79' lang='lat' dir='ltr'>parte</span> <span class='ocrx_word' id='word_1_458' title='bbox 1207 4410 1313 4459; x_wconf 87' lang='lat' dir='ltr'>pro·</span> <span class='ocrx_word' id='word_1_459' title='bbox 1381 4394 1647 4459; x_wconf 79' lang='lat' dir='ltr'>scripturis:</span> <span class='ocrx_word' id='word_1_460' title='bbox 1691 4392 1783 4443; x_wconf 85' lang='lat' dir='ltr'>hoc</span> <span class='ocrx_word' id='word_1_461' title='bbox 1819 4394 2069 4453; x_wconf 77' lang='lat' dir='ltr'>credimus,</span> <span class='ocrx_word' id='word_1_462' title='bbox 2104 4410 2215 4460; x_wconf 83' lang='lat' dir='ltr'>qma</span> <span class='ocrx_word' id='word_1_463' title='bbox 2252 4395 2352 4460; x_wconf 80' lang='lat' dir='ltr'>ipse</span> <span class='ocrx_word' id='word_1_464' title='bbox 2382 4405 2454 4445; x_wconf 63' lang='lat' dir='ltr'>est</span> 
     </span>
    </p>

    <p class='ocr_par' dir='ltr' id='par_1_14' title="bbox 251 4454 1717 4587">
     <span class='ocr_line' id='line_1_46' title="bbox 267 4454 1717 4525; baseline 0.001 -21"><span class='ocrx_word' id='word_1_465' title='bbox 267 4454 490 4507; x_wconf 67' lang='lat' dir='ltr'>laetamus</span> <span class='ocrx_word' id='word_1_466' title='bbox 510 4476 521 4505; x_wconf 70' lang='grc' dir='ltr'><strong><em>ι</em></strong></span> <span class='ocrx_word' id='word_1_467' title='bbox 561 4473 671 4506; x_wconf 84' lang='lat' dir='ltr'>cum</span> <span class='ocrx_word' id='word_1_468' title='bbox 687 4459 866 4508; x_wconf 85' lang='lat' dir='ltr'>venerit</span> <span class='ocrx_word' id='word_1_469' title='bbox 886 4465 1044 4507; x_wconf 82' lang='lat' dir='ltr'>autem</span> <span class='ocrx_word' id='word_1_470' title='bbox 1065 4459 1193 4523; x_wconf 88' lang='lat' dir='ltr'>quod</span> <span class='ocrx_word' id='word_1_471' title='bbox 1213 4473 1318 4525; x_wconf 83' lang='lat' dir='ltr'>per-</span> <span class='ocrx_word' id='word_1_472' title='bbox 1387 4458 1717 4507; x_wconf 74' lang='lat' dir='ltr'>Paracletus-’⁹</span> 
     </span>
     <span class='ocr_line' id='line_1_47' title="bbox 251 4522 1316 4587; baseline 0 -17"><span class='ocrx_word' id='word_1_473' title='bbox 251 4528 410 4571; x_wconf 83' lang='lat' dir='ltr'>ectum</span> <span class='ocrx_word' id='word_1_474' title='bbox 435 4528 526 4577; x_wconf 76' lang='lat' dir='ltr'>est.</span> <span class='ocrx_word' id='word_1_475' title='bbox 546 4522 862 4573; x_wconf 73' lang='lat' dir='ltr'>abolebuntur</span> <span class='ocrx_word' id='word_1_476' title='bbox 881 4537 940 4571; x_wconf 78' lang='lat' dir='ltr'>ea</span> <span class='ocrx_word' id='word_1_477' title='bbox 962 4538 1070 4586; x_wconf 79' lang='lat' dir='ltr'>quae</span> <span class='ocrx_word' id='word_1_478' title='bbox 1093 4538 1150 4573; x_wconf 87' lang='lat' dir='ltr'>ex</span> <span class='ocrx_word' id='word_1_479' title='bbox 1186 4530 1316 4587; x_wconf 80' lang='lat' dir='ltr'>parte</span> 
     </span>
    </p>
   </div>
   <div class='ocr_carea' id='block_1_11' title="bbox 1293 4610 1400 4665">
    <p class='ocr_par' dir='ltr' id='par_1_15' title="bbox 1293 4610 1400 4665">
     <span class='ocr_line' id='line_1_48' title="bbox 1293 4610 1400 4665; baseline 0 0"><span class='ocrx_word' id='word_1_480' title='bbox 1293 4610 1400 4665; x_wconf 74' lang='lat' dir='ltr'>r2</span> 
     </span>
    </p>
   </div>
  </div>
 </body>
</html>
