<?xml version="1.0" encoding="UTF-8"?>
<!DOCTYPE html PUBLIC "-//W3C//DTD XHTML 1.0 Transitional//EN"
    "http://www.w3.org/TR/xhtml1/DTD/xhtml1-transitional.dtd">
<html xmlns="http://www.w3.org/1999/xhtml" xml:lang="en" lang="en">
 <head>
  <title>
</title>
<meta http-equiv="Content-Type" content="text/html;charset=utf-8" />
  <meta name='ocr-system' content='tesseract 3.04.00' />
  <meta name='ocr-capabilities' content='ocr_page ocr_carea ocr_par ocr_line ocrx_word'/>
</head>
<body>
  <div class='ocr_page' id='page_1' title='image "./confessionespos00dubogoog_0047.png"; bbox 0 0 3042 5059; ppageno 0'>
   <div class='ocr_carea' id='block_1_1' title="bbox 675 367 2367 435">
    <p class='ocr_par' dir='ltr' id='par_1_1' title="bbox 675 367 2367 435">
     <span class='ocr_line' id='line_1_1' title="bbox 675 367 2367 435; baseline 0.001 -2"><span class='ocrx_word' id='word_1_1' title='bbox 675 367 1392 435; x_wconf 87' lang='lat' dir='ltr'>CONFESSIONUM</span> <span class='ocrx_word' id='word_1_2' title='bbox 1437 370 1723 435; x_wconf 88' lang='lat' dir='ltr'><strong>LIBER</strong></span> <span class='ocrx_word' id='word_1_3' title='bbox 1766 372 1856 433; x_wconf 94' lang='grc' dir='ltr'>ΙΙ.</span> <span class='ocrx_word' id='word_1_4' title='bbox 2282 376 2367 434; x_wconf 77' lang='lat'>25</span> 
     </span>
    </p>
   </div>
   <div class='ocr_carea' id='block_1_2' title="bbox 147 522 2607 3140">
    <p class='ocr_par' dir='ltr' id='par_1_2' title="bbox 153 522 2369 1014">
     <span class='ocr_line' id='line_1_2' title="bbox 155 522 2366 610; baseline 0 -23"><span class='ocrx_word' id='word_1_5' title='bbox 155 522 440 587; x_wconf 80' lang='lat' dir='ltr'>imitarer</span> <span class='ocrx_word' id='word_1_6' title='bbox 475 523 770 587; x_wconf 85' lang='lat' dir='ltr'>faciendo</span> <span class='ocrx_word' id='word_1_7' title='bbox 812 524 1076 607; x_wconf 88' lang='lat' dir='ltr'>impune</span> <span class='ocrx_word' id='word_1_8' title='bbox 1121 524 1296 610; x_wconf 89' lang='lat' dir='ltr'>quod</span> <span class='ocrx_word' id='word_1_9' title='bbox 1337 546 1470 587; x_wconf 88' lang='lat' dir='ltr'>non</span> <span class='ocrx_word' id='word_1_10' title='bbox 1511 525 1755 602; x_wconf 90' lang='lat' dir='ltr'>liceret,</span> <span class='ocrx_word' id='word_1_11' title='bbox 1784 526 2121 589; x_wconf 84' lang='lat' dir='ltr'>tenebrosa</span> <span class='ocrx_word' id='word_1_12' title='bbox 2164 526 2366 589; x_wconf 87' lang='lat' dir='ltr'>omni-</span> 
     </span>
     <span class='ocr_line' id='line_1_3' title="bbox 157 623 2366 707; baseline 0.002 -22"><span class='ocrx_word' id='word_1_13' title='bbox 157 624 468 707; x_wconf 88' lang='lat' dir='ltr'>potentiae</span> <span class='ocrx_word' id='word_1_14' title='bbox 499 623 955 689; x_wconf 80' lang='lat' dir='ltr'>similitudine?</span> <span class='ocrx_word' id='word_1_15' title='bbox 1017 628 1196 691; x_wconf 89' lang='lat' dir='ltr'>Ecce</span> <span class='ocrx_word' id='word_1_16' title='bbox 1226 634 1324 690; x_wconf 88' lang='lat' dir='ltr'>est</span> <span class='ocrx_word' id='word_1_17' title='bbox 1347 626 1456 693; x_wconf 87' lang='lat' dir='ltr'>ille</span> <span class='ocrx_word' id='word_1_18' title='bbox 1485 646 1705 690; x_wconf 86' lang='lat' dir='ltr'>servus</span> <span class='ocrx_word' id='word_1_19' title='bbox 1731 624 1987 705; x_wconf 80' lang='lat' dir='ltr'>fugiens</span> <span class='ocrx_word' id='word_1_20' title='bbox 2015 626 2366 689; x_wconf 89' lang='lat' dir='ltr'>Dominum</span> 
     </span>
     <span class='ocr_line' id='line_1_4' title="bbox 159 727 2368 812; baseline 0.001 -23"><span class='ocrx_word' id='word_1_21' title='bbox 159 748 366 803; x_wconf 86' lang='lat' dir='ltr'>suum,</span> <span class='ocrx_word' id='word_1_22' title='bbox 399 736 470 790; x_wconf 90' lang='lat' dir='ltr'>et</span> <span class='ocrx_word' id='word_1_23' title='bbox 505 738 890 793; x_wconf 87' lang='lat' dir='ltr'>consecutus</span> <span class='ocrx_word' id='word_1_24' title='bbox 927 730 1236 793; x_wconf 86' lang='lat' dir='ltr'>umbram.</span> <span class='ocrx_word' id='word_1_25' title='bbox 1326 730 1383 792; x_wconf 93' lang='lat' dir='ltr'>O</span> <span class='ocrx_word' id='word_1_26' title='bbox 1412 727 1707 812; x_wconf 85' lang='lat' dir='ltr'>putredo,</span> <span class='ocrx_word' id='word_1_27' title='bbox 1736 749 1779 791; x_wconf 94' lang='lat' dir='ltr'>o</span> <span class='ocrx_word' id='word_1_28' title='bbox 1814 737 2169 791; x_wconf 82' lang='lat' dir='ltr'>monstrum</span> <span class='ocrx_word' id='word_1_29' title='bbox 2197 729 2368 806; x_wconf 84' lang='lat' dir='ltr'>vitae,</span> 
     </span>
     <span class='ocr_line' id='line_1_5' title="bbox 156 826 2369 915; baseline 0.001 -25"><span class='ocrx_word' id='word_1_30' title='bbox 156 838 218 891; x_wconf 90' lang='lat' dir='ltr'>et</span> <span class='ocrx_word' id='word_1_31' title='bbox 241 829 477 891; x_wconf 85' lang='lat' dir='ltr'>mortis</span> <span class='ocrx_word' id='word_1_32' title='bbox 504 828 934 912; x_wconf 70' lang='lat' dir='ltr'>profunditas!</span> <span class='ocrx_word' id='word_1_33' title='bbox 1025 830 1328 894; x_wconf 83' lang='lat' dir='ltr'>Potuitne</span> <span class='ocrx_word' id='word_1_34' title='bbox 1351 830 1551 896; x_wconf 89' lang='lat' dir='ltr'>libere</span> <span class='ocrx_word' id='word_1_35' title='bbox 1582 829 1759 915; x_wconf 92' lang='lat' dir='ltr'>quod</span> <span class='ocrx_word' id='word_1_36' title='bbox 1784 850 1917 893; x_wconf 92' lang='lat' dir='ltr'>non</span> <span class='ocrx_word' id='word_1_37' title='bbox 1942 826 2205 908; x_wconf 90' lang='lat' dir='ltr'>licebat&#39;,</span> <span class='ocrx_word' id='word_1_38' title='bbox 2235 851 2369 893; x_wconf 89' lang='lat' dir='ltr'>non</span> 
     </span>
     <span class='ocr_line' id='line_1_6' title="bbox 153 930 1273 1014; baseline 0.004 -23"><span class='ocrx_word' id='word_1_39' title='bbox 153 931 234 992; x_wconf 91' lang='lat' dir='ltr'>ob</span> <span class='ocrx_word' id='word_1_40' title='bbox 268 930 474 1005; x_wconf 81' lang='lat' dir='ltr'>aliud,</span> <span class='ocrx_word' id='word_1_41' title='bbox 503 931 633 995; x_wconf 87' lang='lat' dir='ltr'>nisi</span> <span class='ocrx_word' id='word_1_42' title='bbox 661 932 816 1014; x_wconf 85' lang='lat' dir='ltr'>quia</span> <span class='ocrx_word' id='word_1_43' title='bbox 839 952 972 994; x_wconf 87' lang='lat' dir='ltr'>non</span> <span class='ocrx_word' id='word_1_44' title='bbox 999 930 1273 997; x_wconf 80' lang='lat' dir='ltr'>licebat?</span> 
     </span>
    </p>

    <p class='ocr_par' dir='ltr' id='par_1_3' title="bbox 243 1030 2561 1116">
     <span class='ocr_line' id='line_1_7' title="bbox 243 1030 2561 1116; baseline 0.002 -26"><span class='ocrx_word' id='word_1_45' title='bbox 243 1034 346 1093; x_wconf 84' lang='lat'>15.</span> <span class='ocrx_word' id='word_1_46' title='bbox 401 1030 584 1097; x_wconf 79' lang='lat' dir='ltr'><strong><em>Quid</em></strong></span> <span class='ocrx_word' id='word_1_47' title='bbox 623 1031 978 1095; x_wconf 78' lang='lat' dir='ltr'>retribuam</span> <span class='ocrx_word' id='word_1_48' title='bbox 1025 1034 1327 1109; x_wconf 75' lang='lat' dir='ltr'>Domine,</span> <span class='ocrx_word' id='word_1_49' title='bbox 1373 1032 1549 1116; x_wconf 92' lang='lat' dir='ltr'>quod</span> <span class='ocrx_word' id='word_1_50' title='bbox 1594 1032 1821 1095; x_wconf 84' lang='lat' dir='ltr'>recolit</span> <span class='ocrx_word' id='word_1_51' title='bbox 1870 1033 2011 1097; x_wconf 83' lang='lat' dir='ltr'>haec</span> <span class='ocrx_word' id='word_1_52' title='bbox 2062 1032 2369 1096; x_wconf 85' lang='lat' dir='ltr'>memoria</span> <span class='ocrx_word' id='word_1_53' title='bbox 2438 1034 2561 1111; x_wconf 58' lang='lat' dir='ltr'>vil.</span> 
     </span>
    </p>

    <p class='ocr_par' dir='ltr' id='par_1_4' title="bbox 147 1098 2607 2937">
     <span class='ocr_line' id='line_1_8' title="bbox 149 1098 2607 1227; baseline 0.002 -36"><span class='ocrx_word' id='word_1_54' title='bbox 149 1153 318 1207; x_wconf 87' lang='lat' dir='ltr'>mea,</span> <span class='ocrx_word' id='word_1_55' title='bbox 349 1140 416 1194; x_wconf 93' lang='lat' dir='ltr'>et</span> <span class='ocrx_word' id='word_1_56' title='bbox 457 1132 674 1196; x_wconf 86' lang='lat' dir='ltr'>anima</span> <span class='ocrx_word' id='word_1_57' title='bbox 713 1154 856 1195; x_wconf 90' lang='lat' dir='ltr'>mea</span> <span class='ocrx_word' id='word_1_58' title='bbox 896 1153 1030 1195; x_wconf 87' lang='lat' dir='ltr'>non</span> <span class='ocrx_word' id='word_1_59' title='bbox 1072 1133 1301 1197; x_wconf 90' lang='lat' dir='ltr'>metuit</span> <span class='ocrx_word' id='word_1_60' title='bbox 1341 1130 1531 1197; x_wconf 85' lang='lat' dir='ltr'>inde?</span> <span class='ocrx_word' id='word_1_61' title='bbox 1622 1133 1915 1214; x_wconf 86' lang='lat' dir='ltr'>Diligam</span> <span class='ocrx_word' id='word_1_62' title='bbox 1951 1142 2037 1212; x_wconf 86' lang='lat' dir='ltr'>te,</span> <span class='ocrx_word' id='word_1_63' title='bbox 2066 1133 2366 1214; x_wconf 87' lang='lat' dir='ltr'>Domine,</span> <span class='ocrx_word' id='word_1_64' title='bbox 2386 1098 2607 1227; x_wconf 53' lang='grc' dir='ltr'><strong><em>ῗῶῗῗῖζο</em></strong></span> 
     </span>
     <span class='ocr_line' id='line_1_9' title="bbox 149 1232 2559 1317; baseline 0.005 -24"><span class='ocrx_word' id='word_1_65' title='bbox 149 1241 216 1293; x_wconf 91' lang='lat' dir='ltr'>et</span> <span class='ocrx_word' id='word_1_66' title='bbox 245 1234 490 1312; x_wconf 79' lang='lat' dir='ltr'>gratias</span> <span class='ocrx_word' id='word_1_67' title='bbox 521 1255 729 1313; x_wconf 85' lang='lat' dir='ltr'>agam,</span> <span class='ocrx_word' id='word_1_68' title='bbox 761 1241 828 1295; x_wconf 89' lang='lat' dir='ltr'>et</span> <span class='ocrx_word' id='word_1_69' title='bbox 865 1232 1174 1297; x_wconf 84' lang='lat' dir='ltr'>confitear</span> <span class='ocrx_word' id='word_1_70' title='bbox 1198 1234 1443 1297; x_wconf 88' lang='lat' dir='ltr'>nomini</span> <span class='ocrx_word' id='word_1_71' title='bbox 1472 1241 1607 1311; x_wconf 82' lang='lat' dir='ltr'>tue,</span> <span class='ocrx_word' id='word_1_72' title='bbox 1640 1234 1945 1317; x_wconf 83' lang='lat' dir='ltr'>quoniam</span> <span class='ocrx_word' id='word_1_73' title='bbox 1976 1240 2155 1298; x_wconf 84' lang='lat' dir='ltr'>tanta</span> <span class='ocrx_word' id='word_1_74' title='bbox 2182 1233 2365 1297; x_wconf 90' lang='lat' dir='ltr'>dimi·</span> <span class='ocrx_word' id='word_1_75' title='bbox 2384 1244 2469 1303; x_wconf 71' lang='lat' dir='ltr'>P&#39;?</span> <span class='ocrx_word' id='word_1_76' title='bbox 2488 1243 2559 1303; x_wconf 59' lang='grc' dir='ltr'>’.θ’</span> 
     </span>
     <span class='ocr_line' id='line_1_10' title="bbox 150 1306 2607 1421; baseline 0.002 -27"><span class='ocrx_word' id='word_1_77' title='bbox 150 1333 296 1395; x_wconf 86' lang='lat' dir='ltr'>sisti</span> <span class='ocrx_word' id='word_1_78' title='bbox 335 1334 502 1395; x_wconf 89' lang='lat' dir='ltr'>mihi</span> <span class='ocrx_word' id='word_1_79' title='bbox 539 1336 710 1398; x_wconf 82' lang='lat' dir='ltr'>mala</span> <span class='ocrx_word' id='word_1_80' title='bbox 747 1343 812 1397; x_wconf 89' lang='lat' dir='ltr'>et</span> <span class='ocrx_word' id='word_1_81' title='bbox 847 1334 1090 1398; x_wconf 85' lang='lat' dir='ltr'>nefaria</span> <span class='ocrx_word' id='word_1_82' title='bbox 1124 1355 1321 1417; x_wconf 87' lang='lat' dir='ltr'>opera</span> <span class='ocrx_word' id='word_1_83' title='bbox 1351 1355 1514 1397; x_wconf 87' lang='lat' dir='ltr'>mea.</span> <span class='ocrx_word' id='word_1_84' title='bbox 1604 1335 1846 1399; x_wconf 84' lang='lat' dir='ltr'>Gratiae</span> <span class='ocrx_word' id='word_1_85' title='bbox 1876 1344 2003 1398; x_wconf 83' lang='lat' dir='ltr'>tuae</span> <span class='ocrx_word' id='word_1_86' title='bbox 2033 1334 2275 1418; x_wconf 89' lang='lat' dir='ltr'>deputo</span> <span class='ocrx_word' id='word_1_87' title='bbox 2303 1344 2371 1399; x_wconf 92' lang='lat' dir='ltr'>et</span> <span class='ocrx_word' id='word_1_88' title='bbox 2385 1306 2607 1421; x_wconf 36' lang='lat'>&amp;22⁰⁸</span> 
     </span>
     <span class='ocr_line' id='line_1_11' title="bbox 147 1429 2605 1534; baseline 0.002 -39"><span class='ocrx_word' id='word_1_89' title='bbox 147 1434 610 1498; x_wconf 72' lang='lat' dir='ltr'>misericordiae</span> <span class='ocrx_word' id='word_1_90' title='bbox 632 1443 780 1514; x_wconf 84' lang='lat' dir='ltr'>tuae,</span> <span class='ocrx_word' id='word_1_91' title='bbox 800 1434 976 1519; x_wconf 89' lang='lat' dir='ltr'>quod</span> <span class='ocrx_word' id='word_1_92' title='bbox 995 1442 1266 1517; x_wconf 79' lang='lat' dir='ltr'>peccata</span> <span class='ocrx_word' id='word_1_93' title='bbox 1290 1456 1436 1498; x_wconf 87' lang='lat' dir='ltr'>mea</span> <span class='ocrx_word' id='word_1_94' title='bbox 1463 1442 1773 1519; x_wconf 83' lang='lat' dir='ltr'>tanquam</span> <span class='ocrx_word' id='word_1_95' title='bbox 1796 1435 2069 1525; x_wconf 83' lang='lat' dir='ltr'>glaciem</span> <span class='ocrx_word' id='word_1_96' title='bbox 2098 1436 2365 1499; x_wconf 84' lang='lat' dir='ltr'>solvisti.</span> <span class='ocrx_word' id='word_1_97' title='bbox 2384 1429 2605 1534; x_wconf 54' lang='grc' dir='ltr'>ω’ζάωἷω</span> 
     </span>
     <span class='ocr_line' id='line_1_12' title="bbox 149 1500 2597 1620; baseline 0.001 -23"><span class='ocrx_word' id='word_1_98' title='bbox 149 1536 400 1598; x_wconf 81' lang='lat' dir='ltr'>Grafiae</span> <span class='ocrx_word' id='word_1_99' title='bbox 435 1543 565 1599; x_wconf 86' lang='lat' dir='ltr'>tuae</span> <span class='ocrx_word' id='word_1_100' title='bbox 600 1536 840 1619; x_wconf 87' lang='lat' dir='ltr'>deputo</span> <span class='ocrx_word' id='word_1_101' title='bbox 875 1544 942 1599; x_wconf 90' lang='lat' dir='ltr'>et</span> <span class='ocrx_word' id='word_1_102' title='bbox 979 1556 1402 1620; x_wconf 85' lang='lat' dir='ltr'>quaecumque</span> <span class='ocrx_word' id='word_1_103' title='bbox 1435 1556 1570 1597; x_wconf 88' lang='lat' dir='ltr'>non</span> <span class='ocrx_word' id='word_1_104' title='bbox 1601 1534 1727 1601; x_wconf 83' lang='lat' dir='ltr'>feci</span> <span class='ocrx_word' id='word_1_105' title='bbox 1760 1537 1959 1599; x_wconf 77' lang='lat' dir='ltr'>mala:</span> <span class='ocrx_word' id='word_1_106' title='bbox 2009 1536 2169 1620; x_wconf 90' lang='lat' dir='ltr'>quid</span> <span class='ocrx_word' id='word_1_107' title='bbox 2195 1536 2368 1601; x_wconf 88' lang='lat' dir='ltr'>enim</span> <span class='ocrx_word' id='word_1_108' title='bbox 2384 1500 2597 1599; x_wconf 49' lang='lat' dir='ltr'>‘aium‘l&#39;tin</span> 
     </span>
     <span class='ocr_line' id='line_1_13' title="bbox 147 1624 2599 1727; baseline 0.002 -30"><span class='ocrx_word' id='word_1_109' title='bbox 147 1658 284 1697; x_wconf 89' lang='lat' dir='ltr'>non</span> <span class='ocrx_word' id='word_1_110' title='bbox 333 1636 546 1699; x_wconf 83' lang='lat' dir='ltr'>facere</span> <span class='ocrx_word' id='word_1_111' title='bbox 593 1637 798 1719; x_wconf 87' lang='lat' dir='ltr'>potui,</span> <span class='ocrx_word' id='word_1_112' title='bbox 844 1637 958 1721; x_wconf 92' lang='lat' dir='ltr'>qui</span> <span class='ocrx_word' id='word_1_113' title='bbox 1007 1637 1201 1701; x_wconf 83' lang='lat' dir='ltr'>etiam</span> <span class='ocrx_word' id='word_1_114' title='bbox 1254 1636 1599 1718; x_wconf 83' lang='lat' dir='ltr'>gratuitum</span> <span class='ocrx_word' id='word_1_115' title='bbox 1641 1634 1891 1700; x_wconf 77' lang='lat' dir='ltr'>facinus</span> <span class='ocrx_word' id='word_1_116' title='bbox 1942 1635 2187 1701; x_wconf 81' lang='lat' dir='ltr'>amavi?</span> <span class='ocrx_word' id='word_1_117' title='bbox 2278 1640 2369 1701; x_wconf 92' lang='lat' dir='ltr'>Et</span> <span class='ocrx_word' id='word_1_118' title='bbox 2383 1624 2599 1727; x_wconf 44' lang='lat' dir='ltr'>:ar-vatus</span> 
     </span>
     <span class='ocr_line' id='line_1_14' title="bbox 149 1736 2604 1821; baseline 0.003 -22"><span class='ocrx_word' id='word_1_119' title='bbox 149 1736 372 1800; x_wconf 84' lang='lat' dir='ltr'>omnia</span> <span class='ocrx_word' id='word_1_120' title='bbox 397 1738 561 1800; x_wconf 86' lang='lat' dir='ltr'>mihi</span> <span class='ocrx_word' id='word_1_121' title='bbox 590 1736 856 1801; x_wconf 85' lang='lat' dir='ltr'>dimissa</span> <span class='ocrx_word' id='word_1_122' title='bbox 881 1758 1024 1801; x_wconf 89' lang='lat' dir='ltr'>esse</span> <span class='ocrx_word' id='word_1_123' title='bbox 1050 1737 1252 1801; x_wconf 87' lang='lat' dir='ltr'>fateor</span> <span class='ocrx_word' id='word_1_124' title='bbox 1264 1761 1283 1815; x_wconf 92' lang='lat'>;</span> <span class='ocrx_word' id='word_1_125' title='bbox 1323 1744 1390 1801; x_wconf 91' lang='lat' dir='ltr'>et</span> <span class='ocrx_word' id='word_1_126' title='bbox 1417 1758 1564 1821; x_wconf 85' lang='lat' dir='ltr'>quae</span> <span class='ocrx_word' id='word_1_127' title='bbox 1592 1758 1737 1801; x_wconf 84' lang='lat' dir='ltr'>mea</span> <span class='ocrx_word' id='word_1_128' title='bbox 1764 1744 1993 1820; x_wconf 88' lang='lat' dir='ltr'>sponte</span> <span class='ocrx_word' id='word_1_129' title='bbox 2020 1737 2146 1802; x_wconf 88' lang='lat' dir='ltr'>feci</span> <span class='ocrx_word' id='word_1_130' title='bbox 2176 1740 2365 1817; x_wconf 80' lang='lat' dir='ltr'>mala,</span> <span class='ocrx_word' id='word_1_131' title='bbox 2385 1756 2469 1805; x_wconf 71' lang='lat'>1³⁸.</span> <span class='ocrx_word' id='word_1_132' title='bbox 2494 1758 2604 1811; x_wconf 84' lang='lat'>115.</span> 
     </span>
     <span class='ocr_line' id='line_1_15' title="bbox 149 1822 2432 1921; baseline 0.001 -20"><span class='ocrx_word' id='word_1_133' title='bbox 149 1845 219 1901; x_wconf 88' lang='lat' dir='ltr'>et</span> <span class='ocrx_word' id='word_1_134' title='bbox 247 1860 396 1921; x_wconf 86' lang='lat' dir='ltr'>quae</span> <span class='ocrx_word' id='word_1_135' title='bbox 425 1845 492 1901; x_wconf 86' lang='lat' dir='ltr'>te</span> <span class='ocrx_word' id='word_1_136' title='bbox 519 1837 684 1902; x_wconf 91' lang='lat' dir='ltr'>duce</span> <span class='ocrx_word' id='word_1_137' title='bbox 711 1859 844 1901; x_wconf 90' lang='lat' dir='ltr'>non</span> <span class='ocrx_word' id='word_1_138' title='bbox 863 1837 1008 1902; x_wconf 90' lang='lat' dir='ltr'>feci.</span> <span class='ocrx_word' id='word_1_139' title='bbox 1070 1838 1236 1911; x_wconf 83' lang='lat' dir='ltr'>Quis</span> <span class='ocrx_word' id='word_1_140' title='bbox 1255 1845 1355 1901; x_wconf 89' lang='lat' dir='ltr'>est</span> <span class='ocrx_word' id='word_1_141' title='bbox 1379 1837 1715 1901; x_wconf 89' lang='lat' dir='ltr'>hominum</span> <span class='ocrx_word' id='word_1_142' title='bbox 1737 1837 1851 1921; x_wconf 91' lang='lat' dir='ltr'>qui</span> <span class='ocrx_word' id='word_1_143' title='bbox 1871 1859 2054 1901; x_wconf 85' lang='lat' dir='ltr'>suam</span> <span class='ocrx_word' id='word_1_144' title='bbox 2075 1840 2367 1919; x_wconf 82' lang='lat' dir='ltr'>cogitans</span> <span class='ocrx_word' id='word_1_145' title='bbox 2384 1822 2432 1869; x_wconf 79' lang='lat'>⁴·</span> 
     </span>
     <span class='ocr_line' id='line_1_16' title="bbox 147 1940 2365 2025; baseline 0.001 -22"><span class='ocrx_word' id='word_1_146' title='bbox 147 1940 614 2019; x_wconf 80' lang='lat' dir='ltr'>infirmitatem,</span> <span class='ocrx_word' id='word_1_147' title='bbox 644 1941 839 2005; x_wconf 87' lang='lat' dir='ltr'>audet</span> <span class='ocrx_word' id='word_1_148' title='bbox 873 1943 1116 2005; x_wconf 86' lang='lat' dir='ltr'>viribus</span> <span class='ocrx_word' id='word_1_149' title='bbox 1155 1942 1288 2005; x_wconf 89' lang='lat' dir='ltr'>suis</span> <span class='ocrx_word' id='word_1_150' title='bbox 1324 1942 1601 2005; x_wconf 84' lang='lat' dir='ltr'>tribuere</span> <span class='ocrx_word' id='word_1_151' title='bbox 1640 1940 1998 2004; x_wconf 77' lang='lat' dir='ltr'>castitatem</span> <span class='ocrx_word' id='word_1_152' title='bbox 2038 1948 2231 2025; x_wconf 88' lang='lat' dir='ltr'>atque</span> <span class='ocrx_word' id='word_1_153' title='bbox 2267 1943 2365 2005; x_wconf 89' lang='lat' dir='ltr'>in-</span> 
     </span>
     <span class='ocr_line' id='line_1_17' title="bbox 147 2042 2367 2128; baseline 0.002 -25"><span class='ocrx_word' id='word_1_154' title='bbox 147 2042 521 2106; x_wconf 81' lang='lat' dir='ltr'>nocentiam</span> <span class='ocrx_word' id='word_1_155' title='bbox 551 2063 732 2106; x_wconf 81' lang='lat' dir='ltr'>suam</span> <span class='ocrx_word' id='word_1_156' title='bbox 743 2066 764 2119; x_wconf 84' lang='lat'>3</span> <span class='ocrx_word' id='word_1_157' title='bbox 807 2052 882 2106; x_wconf 92' lang='lat' dir='ltr'>ut</span> <span class='ocrx_word' id='word_1_158' title='bbox 898 2042 1112 2107; x_wconf 88' lang='lat' dir='ltr'>minus</span> <span class='ocrx_word' id='word_1_159' title='bbox 1128 2052 1336 2107; x_wconf 76' lang='lat' dir='ltr'>amet⁸</span> <span class='ocrx_word' id='word_1_160' title='bbox 1364 2051 1448 2122; x_wconf 89' lang='lat' dir='ltr'>te,</span> <span class='ocrx_word' id='word_1_161' title='bbox 1468 2042 1656 2128; x_wconf 82' lang='lat' dir='ltr'>quasi</span> <span class='ocrx_word' id='word_1_162' title='bbox 1678 2042 1890 2105; x_wconf 88' lang='lat' dir='ltr'>minus</span> <span class='ocrx_word' id='word_1_163' title='bbox 1919 2043 1979 2105; x_wconf 91' lang='lat' dir='ltr'>ei</span> <span class='ocrx_word' id='word_1_164' title='bbox 2007 2044 2367 2109; x_wconf 81' lang='lat' dir='ltr'>necessaria</span> 
     </span>
     <span class='ocr_line' id='line_1_18' title="bbox 147 2144 2362 2232; baseline 0.002 -25"><span class='ocrx_word' id='word_1_165' title='bbox 147 2144 342 2207; x_wconf 81' lang='lat' dir='ltr'>fuerit</span> <span class='ocrx_word' id='word_1_166' title='bbox 384 2145 824 2210; x_wconf 84' lang='lat' dir='ltr'>misericordia</span> <span class='ocrx_word' id='word_1_167' title='bbox 866 2155 998 2225; x_wconf 86' lang='lat' dir='ltr'>tua,</span> <span class='ocrx_word' id='word_1_168' title='bbox 1030 2170 1161 2232; x_wconf 87' lang='lat' dir='ltr'>qua</span> <span class='ocrx_word' id='word_1_169' title='bbox 1201 2147 1406 2211; x_wconf 81' lang='lat' dir='ltr'>donas</span> <span class='ocrx_word' id='word_1_170' title='bbox 1445 2152 1719 2228; x_wconf 83' lang='lat' dir='ltr'>peccata</span> <span class='ocrx_word' id='word_1_171' title='bbox 1762 2145 2087 2209; x_wconf 82' lang='lat' dir='ltr'>conversis</span> <span class='ocrx_word' id='word_1_172' title='bbox 2129 2145 2213 2209; x_wconf 82' lang='lat' dir='ltr'>ad</span> <span class='ocrx_word' id='word_1_173' title='bbox 2254 2146 2362 2211; x_wconf 87' lang='lat' dir='ltr'>te?</span> 
     </span>
     <span class='ocr_line' id='line_1_19' title="bbox 151 2245 2367 2323; baseline 0.003 -16"><span class='ocrx_word' id='word_1_174' title='bbox 151 2246 285 2317; x_wconf 87' lang='lat' dir='ltr'>Qui</span> <span class='ocrx_word' id='word_1_175' title='bbox 319 2246 496 2309; x_wconf 88' lang='lat' dir='ltr'>enim</span> <span class='ocrx_word' id='word_1_176' title='bbox 528 2255 794 2311; x_wconf 84' lang='lat' dir='ltr'>vocatus</span> <span class='ocrx_word' id='word_1_177' title='bbox 829 2270 870 2313; x_wconf 98' lang='lat' dir='ltr'>a</span> <span class='ocrx_word' id='word_1_178' title='bbox 901 2256 966 2311; x_wconf 89' lang='lat' dir='ltr'>te</span> <span class='ocrx_word' id='word_1_179' title='bbox 1001 2256 1258 2312; x_wconf 87' lang='lat' dir='ltr'>secutus</span> <span class='ocrx_word' id='word_1_180' title='bbox 1297 2255 1397 2311; x_wconf 88' lang='lat' dir='ltr'>est</span> <span class='ocrx_word' id='word_1_181' title='bbox 1432 2268 1658 2310; x_wconf 84' lang='lat' dir='ltr'>vocem</span> <span class='ocrx_word' id='word_1_182' title='bbox 1697 2253 1895 2323; x_wconf 85' lang='lat' dir='ltr'>tuam,</span> <span class='ocrx_word' id='word_1_183' title='bbox 1924 2254 1991 2309; x_wconf 92' lang='lat' dir='ltr'>et</span> <span class='ocrx_word' id='word_1_184' title='bbox 2024 2245 2253 2311; x_wconf 83' lang='lat' dir='ltr'>vitavit</span> <span class='ocrx_word' id='word_1_185' title='bbox 2286 2268 2367 2313; x_wconf 82' lang='lat' dir='ltr'>ea</span> 
     </span>
     <span class='ocr_line' id='line_1_20' title="bbox 151 2346 2363 2431; baseline 0 -21"><span class='ocrx_word' id='word_1_186' title='bbox 151 2369 300 2431; x_wconf 79' lang='lat' dir='ltr'>quae</span> <span class='ocrx_word' id='word_1_187' title='bbox 345 2368 454 2411; x_wconf 90' lang='lat' dir='ltr'>me</span> <span class='ocrx_word' id='word_1_188' title='bbox 505 2346 586 2410; x_wconf 90' lang='lat' dir='ltr'>de</span> <span class='ocrx_word' id='word_1_189' title='bbox 633 2348 884 2431; x_wconf 89' lang='lat' dir='ltr'>meipso</span> <span class='ocrx_word' id='word_1_190' title='bbox 933 2348 1372 2412; x_wconf 86' lang='lat' dir='ltr'>recordantem</span> <span class='ocrx_word' id='word_1_191' title='bbox 1415 2356 1480 2411; x_wconf 94' lang='lat' dir='ltr'>et</span> <span class='ocrx_word' id='word_1_192' title='bbox 1521 2347 1829 2411; x_wconf 85' lang='lat' dir='ltr'>fatentem</span> <span class='ocrx_word' id='word_1_193' title='bbox 1870 2347 2050 2428; x_wconf 83' lang='lat' dir='ltr'>legit,</span> <span class='ocrx_word' id='word_1_194' title='bbox 2086 2369 2219 2410; x_wconf 91' lang='lat' dir='ltr'>non</span> <span class='ocrx_word' id='word_1_195' title='bbox 2260 2370 2363 2411; x_wconf 93' lang='lat' dir='ltr'>me</span> 
     </span>
     <span class='ocr_line' id='line_1_21' title="bbox 151 2447 2367 2532; baseline 0.002 -21"><span class='ocrx_word' id='word_1_196' title='bbox 151 2447 442 2512; x_wconf 88' lang='lat' dir='ltr'>derideat</span> <span class='ocrx_word' id='word_1_197' title='bbox 469 2450 554 2512; x_wconf 87' lang='lat' dir='ltr'>ab</span> <span class='ocrx_word' id='word_1_198' title='bbox 583 2469 660 2513; x_wconf 93' lang='lat' dir='ltr'>eo</span> <span class='ocrx_word' id='word_1_199' title='bbox 689 2449 940 2513; x_wconf 90' lang='lat' dir='ltr'>medico</span> <span class='ocrx_word' id='word_1_200' title='bbox 972 2471 1213 2530; x_wconf 85' lang='lat' dir='ltr'>aegrum</span> <span class='ocrx_word' id='word_1_201' title='bbox 1241 2450 1474 2524; x_wconf 82' lang='lat' dir='ltr'>sanari,</span> <span class='ocrx_word' id='word_1_202' title='bbox 1503 2470 1545 2513; x_wconf 87' lang='lat' dir='ltr'>a</span> <span class='ocrx_word' id='word_1_203' title='bbox 1572 2469 1701 2532; x_wconf 89' lang='lat' dir='ltr'>quo</span> <span class='ocrx_word' id='word_1_204' title='bbox 1732 2448 1859 2512; x_wconf 89' lang='lat' dir='ltr'>sibi</span> <span class='ocrx_word' id='word_1_205' title='bbox 1884 2449 2239 2532; x_wconf 80' lang='lat' dir='ltr'>praesfitum</span> <span class='ocrx_word' id='word_1_206' title='bbox 2266 2458 2367 2515; x_wconf 83' lang='lat' dir='ltr'>est</span> 
     </span>
     <span class='ocr_line' id='line_1_22' title="bbox 151 2550 2363 2633; baseline 0.002 -23"><span class='ocrx_word' id='word_1_207' title='bbox 151 2557 224 2611; x_wconf 92' lang='lat' dir='ltr'>ut</span> <span class='ocrx_word' id='word_1_208' title='bbox 262 2570 400 2612; x_wconf 89' lang='lat' dir='ltr'>non</span> <span class='ocrx_word' id='word_1_209' title='bbox 437 2557 792 2629; x_wconf 63' lang='lat' dir='ltr'>aegrotaret,</span> <span class='ocrx_word' id='word_1_210' title='bbox 821 2552 924 2613; x_wconf 81' lang='lat' dir='ltr'>vel</span> <span class='ocrx_word' id='word_1_211' title='bbox 961 2550 1178 2633; x_wconf 86' lang='lat' dir='ltr'>potius</span> <span class='ocrx_word' id='word_1_212' title='bbox 1219 2558 1294 2613; x_wconf 91' lang='lat' dir='ltr'>ut</span> <span class='ocrx_word' id='word_1_213' title='bbox 1334 2550 1549 2613; x_wconf 88' lang='lat' dir='ltr'>minus</span> <span class='ocrx_word' id='word_1_214' title='bbox 1594 2557 1959 2631; x_wconf 74' lang='lat' dir='ltr'>aegrotaret:</span> <span class='ocrx_word' id='word_1_215' title='bbox 2006 2558 2073 2614; x_wconf 89' lang='lat' dir='ltr'>et</span> <span class='ocrx_word' id='word_1_216' title='bbox 2114 2551 2261 2615; x_wconf 88' lang='lat' dir='ltr'>ideo</span> <span class='ocrx_word' id='word_1_217' title='bbox 2298 2560 2363 2615; x_wconf 87' lang='lat' dir='ltr'>te</span> 
     </span>
     <span class='ocr_line' id='line_1_23' title="bbox 149 2643 2363 2735; baseline 0.001 -22"><span class='ocrx_word' id='word_1_218' title='bbox 149 2650 574 2730; x_wconf 75' lang='lat' dir='ltr'>tantumdem,</span> <span class='ocrx_word' id='word_1_219' title='bbox 617 2651 748 2714; x_wconf 92' lang='lat' dir='ltr'>imo</span> <span class='ocrx_word' id='word_1_220' title='bbox 798 2672 948 2713; x_wconf 88' lang='lat' dir='ltr'>vero</span> <span class='ocrx_word' id='word_1_221' title='bbox 1003 2652 1280 2735; x_wconf 86' lang='lat' dir='ltr'>amplius</span> <span class='ocrx_word' id='word_1_222' title='bbox 1329 2650 1593 2731; x_wconf 84' lang='lat' dir='ltr'>diligat3</span> <span class='ocrx_word' id='word_1_223' title='bbox 1647 2652 1804 2734; x_wconf 85' lang='lat' dir='ltr'>quia</span> <span class='ocrx_word' id='word_1_224' title='bbox 1850 2672 1967 2734; x_wconf 88' lang='lat' dir='ltr'>per</span> <span class='ocrx_word' id='word_1_225' title='bbox 2018 2672 2211 2735; x_wconf 87' lang='lat' dir='ltr'>quem</span> <span class='ocrx_word' id='word_1_226' title='bbox 2258 2643 2363 2717; x_wconf 76' lang='lat' dir='ltr'>me</span> 
     </span>
     <span class='ocr_line' id='line_1_24' title="bbox 149 2751 2361 2836; baseline 0.002 -24"><span class='ocrx_word' id='word_1_227' title='bbox 149 2751 326 2815; x_wconf 88' lang='lat' dir='ltr'>videt</span> <span class='ocrx_word' id='word_1_228' title='bbox 367 2751 567 2815; x_wconf 76' lang='lat' dir='ltr'>tantis</span> <span class='ocrx_word' id='word_1_229' title='bbox 608 2759 1020 2834; x_wconf 88' lang='lat' dir='ltr'>peccatorum</span> <span class='ocrx_word' id='word_1_230' title='bbox 1059 2772 1346 2816; x_wconf 92' lang='lat' dir='ltr'>meorum</span> <span class='ocrx_word' id='word_1_231' title='bbox 1386 2752 1801 2834; x_wconf 84' lang='lat' dir='ltr'>languoribus</span> <span class='ocrx_word' id='word_1_232' title='bbox 1846 2752 2021 2832; x_wconf 86' lang='lat' dir='ltr'>exui,</span> <span class='ocrx_word' id='word_1_233' title='bbox 2056 2774 2174 2836; x_wconf 84' lang='lat' dir='ltr'>per</span> <span class='ocrx_word' id='word_1_234' title='bbox 2214 2774 2361 2817; x_wconf 88' lang='lat' dir='ltr'>eum</span> 
     </span>
     <span class='ocr_line' id='line_1_25' title="bbox 148 2852 2060 2937; baseline -0.001 -20"><span class='ocrx_word' id='word_1_235' title='bbox 148 2875 218 2917; x_wconf 88' lang='lat' dir='ltr'>se</span> <span class='ocrx_word' id='word_1_236' title='bbox 245 2852 429 2916; x_wconf 85' lang='lat' dir='ltr'>videt</span> <span class='ocrx_word' id='word_1_237' title='bbox 455 2854 654 2916; x_wconf 85' lang='lat' dir='ltr'>tantis</span> <span class='ocrx_word' id='word_1_238' title='bbox 679 2862 1089 2936; x_wconf 87' lang='lat' dir='ltr'>peccatorum</span> <span class='ocrx_word' id='word_1_239' title='bbox 1115 2854 1535 2935; x_wconf 83' lang='lat' dir='ltr'>languoribus</span> <span class='ocrx_word' id='word_1_240' title='bbox 1562 2875 1697 2916; x_wconf 89' lang='lat' dir='ltr'>non</span> <span class='ocrx_word' id='word_1_241' title='bbox 1723 2854 2060 2937; x_wconf 75' lang='lat' dir='ltr'>implicari.</span> 
     </span>
    </p>

    <p class='ocr_par' dir='ltr' id='par_1_5' title="bbox 149 2955 2579 3140">
     <span class='ocr_line' id='line_1_26' title="bbox 242 2955 2567 3040; baseline 0.001 -22"><span class='ocrx_word' id='word_1_242' title='bbox 242 2961 344 3018; x_wconf 84' lang='lat'>16.</span> <span class='ocrx_word' id='word_1_243' title='bbox 397 2956 604 3023; x_wconf 79' lang='lat' dir='ltr'>Quem</span> <span class='ocrx_word' id='word_1_244' title='bbox 619 2958 930 3039; x_wconf 72' lang='lat' dir='ltr'>fluctum</span> <span class='ocrx_word' id='word_1_245' title='bbox 969 2956 1170 3020; x_wconf 74' lang='lat' dir='ltr'>habui</span> <span class='ocrx_word' id='word_1_246' title='bbox 1201 2957 1394 3019; x_wconf 85' lang='lat' dir='ltr'>miser</span> <span class='ocrx_word' id='word_1_247' title='bbox 1421 2955 1771 3039; x_wconf 80' lang='lat' dir='ltr'>aliquando</span> <span class='ocrx_word' id='word_1_248' title='bbox 1808 2959 1881 3019; x_wconf 82' lang='lat' dir='ltr'>in</span> <span class='ocrx_word' id='word_1_249' title='bbox 1908 2958 1995 3019; x_wconf 71' lang='lat' dir='ltr'>iis</span> <span class='ocrx_word' id='word_1_250' title='bbox 2020 2976 2159 3040; x_wconf 70' lang='lat' dir='ltr'>quw</span> <span class='ocrx_word' id='word_1_251' title='bbox 2186 2978 2363 3019; x_wconf 75' lang='lat' dir='ltr'>nunc</span> <span class='ocrx_word' id='word_1_252' title='bbox 2414 2970 2567 3021; x_wconf 84' lang='lat' dir='ltr'><strong>VIII.</strong></span> 
     </span>
     <span class='ocr_line' id='line_1_27' title="bbox 149 3034 2579 3140; baseline -0.001 -19"><span class='ocrx_word' id='word_1_253' title='bbox 149 3058 444 3121; x_wconf 88' lang='lat' dir='ltr'>recolens</span> <span class='ocrx_word' id='word_1_254' title='bbox 479 3058 795 3138; x_wconf 74' lang='lat' dir='ltr'>erubesco,</span> <span class='ocrx_word' id='word_1_255' title='bbox 821 3057 1103 3121; x_wconf 86' lang='lat' dir='ltr'>maxime</span> <span class='ocrx_word' id='word_1_256' title='bbox 1139 3057 1210 3119; x_wconf 94' lang='lat' dir='ltr'>in</span> <span class='ocrx_word' id='word_1_257' title='bbox 1247 3057 1363 3119; x_wconf 91' lang='lat' dir='ltr'>illo</span> <span class='ocrx_word' id='word_1_258' title='bbox 1403 3056 1571 3119; x_wconf 83' lang='lat' dir='ltr'>furto</span> <span class='ocrx_word' id='word_1_259' title='bbox 1608 3055 1679 3117; x_wconf 90' lang='lat' dir='ltr'>in</span> <span class='ocrx_word' id='word_1_260' title='bbox 1719 3078 1849 3140; x_wconf 88' lang='lat' dir='ltr'>quo</span> <span class='ocrx_word' id='word_1_261' title='bbox 1885 3057 2101 3139; x_wconf 87' lang='lat' dir='ltr'>ipsum</span> <span class='ocrx_word' id='word_1_262' title='bbox 2128 3056 2362 3119; x_wconf 86' lang='lat' dir='ltr'>furtum</span> <span class='ocrx_word' id='word_1_263' title='bbox 2381 3034 2579 3108; x_wconf 60' lang='lat' dir='ltr'>-A¹¹‘&#39;&#39;¹&#39;it</span> 
     </span>
    </p>
   </div>
   <div class='ocr_carea' id='block_1_3' title="bbox 2380 3099 2577 3150">
    <p class='ocr_par' dir='ltr' id='par_1_6' title="bbox 2380 3099 2577 3150">
     <span class='ocr_line' id='line_1_28' title="bbox 2380 3099 2577 3150; baseline 0.025 -5"><span class='ocrx_word' id='word_1_264' title='bbox 2380 3115 2429 3146; x_wconf 84' lang='lat' dir='ltr'>m</span> <span class='ocrx_word' id='word_1_265' title='bbox 2452 3099 2577 3150; x_wconf 78' lang='lat' dir='ltr'>furto</span> 
     </span>
    </p>
   </div>
   <div class='ocr_carea' id='block_1_4' title="bbox 151 3156 2565 3341">
    <p class='ocr_par' dir='ltr' id='par_1_7' title="bbox 151 3156 2565 3341">
     <span class='ocr_line' id='line_1_29' title="bbox 151 3156 2565 3241; baseline -0.001 -18"><span class='ocrx_word' id='word_1_266' title='bbox 151 3158 406 3223; x_wconf 81' lang='lat' dir='ltr'>amavi?</span> <span class='ocrx_word' id='word_1_267' title='bbox 485 3160 672 3221; x_wconf 90' lang='lat' dir='ltr'>Nihil</span> <span class='ocrx_word' id='word_1_268' title='bbox 714 3158 926 3237; x_wconf 78' lang='lat' dir='ltr'>aliud3</span> <span class='ocrx_word' id='word_1_269' title='bbox 991 3180 1146 3223; x_wconf 88' lang='lat' dir='ltr'>cum</span> <span class='ocrx_word' id='word_1_270' title='bbox 1189 3166 1256 3221; x_wconf 92' lang='lat' dir='ltr'>et</span> <span class='ocrx_word' id='word_1_271' title='bbox 1294 3156 1510 3240; x_wconf 89' lang='lat' dir='ltr'>ipsum</span> <span class='ocrx_word' id='word_1_272' title='bbox 1553 3164 1723 3221; x_wconf 90' lang='lat' dir='ltr'>esset</span> <span class='ocrx_word' id='word_1_273' title='bbox 1762 3157 1947 3235; x_wconf 89' lang='lat' dir='ltr'>nihil,</span> <span class='ocrx_word' id='word_1_274' title='bbox 1992 3166 2059 3221; x_wconf 89' lang='lat' dir='ltr'>et</span> <span class='ocrx_word' id='word_1_275' title='bbox 2098 3180 2176 3221; x_wconf 89' lang='lat' dir='ltr'>eo</span> <span class='ocrx_word' id='word_1_276' title='bbox 2216 3158 2363 3241; x_wconf 85' lang='lat' dir='ltr'>ipso</span> <span class='ocrx_word' id='word_1_277' title='bbox 2379 3178 2565 3239; x_wconf 67' lang='lat' dir='ltr'>apusor-</span> 
     </span>
     <span class='ocr_line' id='line_1_30' title="bbox 151 3235 2521 3341; baseline 0 -18"><span class='ocrx_word' id='word_1_278' title='bbox 151 3282 271 3341; x_wconf 86' lang='lat' dir='ltr'>ego</span> <span class='ocrx_word' id='word_1_279' title='bbox 314 3260 622 3323; x_wconf 89' lang='lat' dir='ltr'>miserior.</span> <span class='ocrx_word' id='word_1_280' title='bbox 710 3262 803 3323; x_wconf 92' lang='lat' dir='ltr'>Et</span> <span class='ocrx_word' id='word_1_281' title='bbox 839 3268 1051 3323; x_wconf 74' lang='lat' dir='ltr'>tamen</span> <span class='ocrx_word' id='word_1_282' title='bbox 1095 3260 1272 3322; x_wconf 87' lang='lat' dir='ltr'>solus</span> <span class='ocrx_word' id='word_1_283' title='bbox 1307 3257 1378 3320; x_wconf 90' lang='lat' dir='ltr'>id</span> <span class='ocrx_word' id='word_1_284' title='bbox 1413 3279 1547 3321; x_wconf 89' lang='lat' dir='ltr'>non</span> <span class='ocrx_word' id='word_1_285' title='bbox 1582 3257 1901 3337; x_wconf 87' lang='lat' dir='ltr'>fecissem,</span> <span class='ocrx_word' id='word_1_286' title='bbox 1930 3259 2025 3324; x_wconf 89' lang='lat' dir='ltr'>sic</span> <span class='ocrx_word' id='word_1_287' title='bbox 2067 3258 2365 3324; x_wconf 83' lang='lat' dir='ltr'>recordor</span> <span class='ocrx_word' id='word_1_288' title='bbox 2378 3235 2521 3341; x_wconf 46' lang='lat'>2¹:221</span> 
     </span>
    </p>
   </div>
   <div class='ocr_carea' id='block_1_5' title="bbox 150 3362 2583 3471">
    <p class='ocr_par' dir='ltr' id='par_1_8' title="bbox 150 3362 2583 3471">
     <span class='ocr_line' id='line_1_31' title="bbox 150 3362 2583 3471; baseline -0 -44"><span class='ocrx_word' id='word_1_289' title='bbox 150 3384 438 3427; x_wconf 85' lang='lat' dir='ltr'>animum</span> <span class='ocrx_word' id='word_1_290' title='bbox 482 3371 637 3428; x_wconf 90' lang='lat' dir='ltr'>tunc</span> <span class='ocrx_word' id='word_1_291' title='bbox 679 3384 929 3441; x_wconf 85' lang='lat' dir='ltr'>meum3</span> <span class='ocrx_word' id='word_1_292' title='bbox 975 3364 1150 3427; x_wconf 87' lang='lat' dir='ltr'>solus</span> <span class='ocrx_word' id='word_1_293' title='bbox 1195 3362 1454 3425; x_wconf 89' lang='lat' dir='ltr'>omnino</span> <span class='ocrx_word' id='word_1_294' title='bbox 1497 3362 1569 3424; x_wconf 92' lang='lat' dir='ltr'>id</span> <span class='ocrx_word' id='word_1_295' title='bbox 1610 3382 1743 3425; x_wconf 87' lang='lat' dir='ltr'>non</span> <span class='ocrx_word' id='word_1_296' title='bbox 1786 3362 2097 3427; x_wconf 85' lang='lat' dir='ltr'>fecissem.</span> <span class='ocrx_word' id='word_1_297' title='bbox 2184 3363 2362 3443; x_wconf 79' lang='lat' dir='ltr'>Ergo</span> <span class='ocrx_word' id='word_1_298' title='bbox 2379 3373 2583 3471; x_wconf 52' lang='lat'>{²¹:03³-</span> 
     </span>
    </p>
   </div>
   <div class='ocr_carea' id='block_1_6' title="bbox 150 3461 2600 4050">
    <p class='ocr_par' dir='ltr' id='par_1_9' title="bbox 150 3461 2600 3752">
     <span class='ocr_line' id='line_1_32' title="bbox 150 3461 2600 3559; baseline -0 -31"><span class='ocrx_word' id='word_1_299' title='bbox 150 3466 362 3528; x_wconf 82' lang='lat' dir='ltr'>amavi</span> <span class='ocrx_word' id='word_1_300' title='bbox 423 3465 518 3527; x_wconf 92' lang='lat' dir='ltr'>ibi</span> <span class='ocrx_word' id='word_1_301' title='bbox 581 3465 777 3528; x_wconf 83' lang='lat' dir='ltr'>etiam</span> <span class='ocrx_word' id='word_1_302' title='bbox 829 3465 1218 3529; x_wconf 83' lang='lat' dir='ltr'>consortium</span> <span class='ocrx_word' id='word_1_303' title='bbox 1277 3461 1537 3528; x_wconf 70' lang='lat' dir='ltr'>eorum*</span> <span class='ocrx_word' id='word_1_304' title='bbox 1594 3484 1742 3527; x_wconf 88' lang='lat' dir='ltr'>cum</span> <span class='ocrx_word' id='word_1_305' title='bbox 1801 3464 2037 3548; x_wconf 89' lang='lat' dir='ltr'>quibus</span> <span class='ocrx_word' id='word_1_306' title='bbox 2090 3463 2163 3527; x_wconf 90' lang='lat' dir='ltr'>id</span> <span class='ocrx_word' id='word_1_307' title='bbox 2219 3463 2363 3527; x_wconf 83' lang='lat' dir='ltr'>feci.</span> <span class='ocrx_word' id='word_1_308' title='bbox 2382 3499 2521 3549; x_wconf 79' lang='lat' dir='ltr'>Rom.</span> <span class='ocrx_word' id='word_1_309' title='bbox 2548 3503 2600 3559; x_wconf 83' lang='lat'>6,</span> 
     </span>
     <span class='ocr_line' id='line_1_33' title="bbox 152 3564 2459 3650; baseline -0.001 -21"><span class='ocrx_word' id='word_1_310' title='bbox 152 3569 307 3630; x_wconf 91' lang='lat' dir='ltr'>Non</span> <span class='ocrx_word' id='word_1_311' title='bbox 352 3588 508 3647; x_wconf 85' lang='lat' dir='ltr'>ergo</span> <span class='ocrx_word' id='word_1_312' title='bbox 557 3566 721 3629; x_wconf 87' lang='lat' dir='ltr'>nihil</span> <span class='ocrx_word' id='word_1_313' title='bbox 770 3565 948 3630; x_wconf 83' lang='lat' dir='ltr'>aliud</span> <span class='ocrx_word' id='word_1_314' title='bbox 996 3586 1191 3650; x_wconf 86' lang='lat' dir='ltr'>quam</span> <span class='ocrx_word' id='word_1_315' title='bbox 1239 3564 1476 3627; x_wconf 76' lang='lat' dir='ltr'>fiutum</span> <span class='ocrx_word' id='word_1_316' title='bbox 1528 3564 1772 3641; x_wconf 82' lang='lat' dir='ltr'>amavi3</span> <span class='ocrx_word' id='word_1_317' title='bbox 1836 3564 1967 3627; x_wconf 89' lang='lat' dir='ltr'>imo</span> <span class='ocrx_word' id='word_1_318' title='bbox 2005 3584 2155 3627; x_wconf 88' lang='lat' dir='ltr'>vero</span> <span class='ocrx_word' id='word_1_319' title='bbox 2197 3564 2363 3627; x_wconf 91' lang='lat' dir='ltr'>nihil</span> <span class='ocrx_word' id='word_1_320' title='bbox 2379 3566 2459 3615; x_wconf 83' lang='lat'>2¹·</span> 
     </span>
     <span class='ocr_line' id='line_1_34' title="bbox 151 3663 2363 3752; baseline -0.001 -21"><span class='ocrx_word' id='word_1_321' title='bbox 151 3667 350 3745; x_wconf 78' lang='lat' dir='ltr'>aliud,</span> <span class='ocrx_word' id='word_1_322' title='bbox 397 3668 552 3752; x_wconf 88' lang='lat' dir='ltr'>quia</span> <span class='ocrx_word' id='word_1_323' title='bbox 593 3675 660 3730; x_wconf 89' lang='lat' dir='ltr'>et</span> <span class='ocrx_word' id='word_1_324' title='bbox 698 3667 862 3730; x_wconf 88' lang='lat' dir='ltr'>illud</span> <span class='ocrx_word' id='word_1_325' title='bbox 909 3667 1074 3729; x_wconf 89' lang='lat' dir='ltr'>nihil</span> <span class='ocrx_word' id='word_1_326' title='bbox 1125 3674 1239 3729; x_wconf 86' lang='lat' dir='ltr'>est.</span> <span class='ocrx_word' id='word_1_327' title='bbox 1329 3665 1504 3737; x_wconf 81' lang='lat' dir='ltr'>Quid</span> <span class='ocrx_word' id='word_1_328' title='bbox 1554 3672 1651 3729; x_wconf 87' lang='lat' dir='ltr'>est</span> <span class='ocrx_word' id='word_1_329' title='bbox 1699 3663 1963 3729; x_wconf 85' lang='lat' dir='ltr'>revera?</span> <span class='ocrx_word' id='word_1_330' title='bbox 2052 3664 2217 3738; x_wconf 88' lang='lat' dir='ltr'>Quis</span> <span class='ocrx_word' id='word_1_331' title='bbox 2264 3673 2363 3729; x_wconf 89' lang='lat' dir='ltr'>est</span> 
     </span>
    </p>

    <p class='ocr_par' dir='ltr' id='par_1_10' title="bbox 151 3766 2363 3958">
     <span class='ocr_line' id='line_1_35' title="bbox 153 3766 2363 3852; baseline -0.001 -21"><span class='ocrx_word' id='word_1_332' title='bbox 153 3769 263 3852; x_wconf 88' lang='lat' dir='ltr'>qui</span> <span class='ocrx_word' id='word_1_333' title='bbox 323 3768 560 3831; x_wconf 86' lang='lat' dir='ltr'>doceat</span> <span class='ocrx_word' id='word_1_334' title='bbox 603 3790 729 3847; x_wconf 91' lang='lat' dir='ltr'>me,</span> <span class='ocrx_word' id='word_1_335' title='bbox 778 3768 906 3831; x_wconf 86' lang='lat' dir='ltr'>nisi</span> <span class='ocrx_word' id='word_1_336' title='bbox 956 3768 1069 3851; x_wconf 92' lang='lat' dir='ltr'>qui</span> <span class='ocrx_word' id='word_1_337' title='bbox 1125 3767 1446 3831; x_wconf 86' lang='lat' dir='ltr'>illuminat</span> <span class='ocrx_word' id='word_1_338' title='bbox 1501 3788 1613 3829; x_wconf 85' lang='lat' dir='ltr'>cor</span> <span class='ocrx_word' id='word_1_339' title='bbox 1668 3788 1881 3830; x_wconf 90' lang='lat' dir='ltr'>meum</span> <span class='ocrx_word' id='word_1_340' title='bbox 1938 3774 2003 3831; x_wconf 88' lang='lat' dir='ltr'>et</span> <span class='ocrx_word' id='word_1_341' title='bbox 2058 3766 2363 3831; x_wconf 84' lang='lat' dir='ltr'>discernit</span> 
     </span>
     <span class='ocr_line' id='line_1_36' title="bbox 151 3866 2362 3958; baseline -0.001 -27"><span class='ocrx_word' id='word_1_342' title='bbox 151 3871 414 3932; x_wconf 83' lang='lat' dir='ltr'>umbras</span> <span class='ocrx_word' id='word_1_343' title='bbox 441 3868 625 3953; x_wconf 86' lang='lat' dir='ltr'>ejus?</span> <span class='ocrx_word' id='word_1_344' title='bbox 716 3868 891 3941; x_wconf 88' lang='lat' dir='ltr'>Quid</span> <span class='ocrx_word' id='word_1_345' title='bbox 919 3876 1018 3933; x_wconf 88' lang='lat' dir='ltr'>est</span> <span class='ocrx_word' id='word_1_346' title='bbox 1051 3867 1228 3953; x_wconf 89' lang='lat' dir='ltr'>quod</span> <span class='ocrx_word' id='word_1_347' title='bbox 1263 3868 1424 3930; x_wconf 91' lang='lat' dir='ltr'>mihi</span> <span class='ocrx_word' id='word_1_348' title='bbox 1452 3866 1630 3958; x_wconf 80' lang='lat' dir='ltr'>venit</span> <span class='ocrx_word' id='word_1_349' title='bbox 1652 3867 1723 3929; x_wconf 95' lang='lat' dir='ltr'>in</span> <span class='ocrx_word' id='word_1_350' title='bbox 1751 3874 2030 3931; x_wconf 85' lang='lat' dir='ltr'>mentem</span> <span class='ocrx_word' id='word_1_351' title='bbox 2061 3888 2362 3952; x_wconf 87' lang='lat' dir='ltr'>quaerere,</span> 
     </span>
    </p>

    <p class='ocr_par' dir='ltr' id='par_1_11' title="bbox 154 3967 2361 4050">
     <span class='ocr_line' id='line_1_37' title="bbox 154 3967 2361 4050; baseline -0.001 -17"><span class='ocrx_word' id='word_1_352' title='bbox 154 3980 215 4033; x_wconf 89' lang='lat' dir='ltr'>et</span> <span class='ocrx_word' id='word_1_353' title='bbox 241 3971 587 4048; x_wconf 76' lang='lat' dir='ltr'>discutere,</span> <span class='ocrx_word' id='word_1_354' title='bbox 618 3978 683 4034; x_wconf 91' lang='lat' dir='ltr'>et</span> <span class='ocrx_word' id='word_1_355' title='bbox 709 3968 1151 4035; x_wconf 85' lang='lat' dir='ltr'>considerare?</span> <span class='ocrx_word' id='word_1_356' title='bbox 1211 3969 1381 4042; x_wconf 86' lang='lat' dir='ltr'>Quia</span> <span class='ocrx_word' id='word_1_357' title='bbox 1419 3969 1476 4033; x_wconf 88' lang='lat' dir='ltr'>si</span> <span class='ocrx_word' id='word_1_358' title='bbox 1511 3976 1667 4031; x_wconf 86' lang='lat' dir='ltr'>tunc</span> <span class='ocrx_word' id='word_1_359' title='bbox 1705 3989 1981 4031; x_wconf 83' lang='lat' dir='ltr'>amarem</span> <span class='ocrx_word' id='word_1_360' title='bbox 2018 3988 2213 4050; x_wconf 85' lang='lat' dir='ltr'>poma</span> <span class='ocrx_word' id='word_1_361' title='bbox 2247 3967 2361 4031; x_wconf 84' lang='lat' dir='ltr'>illa</span> 
     </span>
    </p>
   </div>
   <div class='ocr_carea' id='block_1_7' title="bbox 150 4173 2361 4547">
    <p class='ocr_par' dir='ltr' id='par_1_12' title="bbox 150 4173 2361 4547">
     <span class='ocr_line' id='line_1_38' title="bbox 213 4173 2357 4251; baseline 0 -31"><span class='ocrx_word' id='word_1_362' title='bbox 213 4180 242 4220; x_wconf 69' lang='grc' dir='ltr'><strong><em>κ</em></strong></span> <span class='ocrx_word' id='word_1_363' title='bbox 271 4174 394 4224; x_wconf 86' lang='lat' dir='ltr'>Noli</span> <span class='ocrx_word' id='word_1_364' title='bbox 421 4175 664 4224; x_wconf 83' lang='lat' dir='ltr'>modicum</span> <span class='ocrx_word' id='word_1_365' title='bbox 685 4174 893 4241; x_wconf 76' lang='lat' dir='ltr'>diligere,</span> <span class='ocrx_word' id='word_1_366' title='bbox 915 4176 1050 4241; x_wconf 78' lang='lat' dir='ltr'>quasi</span> <span class='ocrx_word' id='word_1_367' title='bbox 1078 4190 1108 4223; x_wconf 81' lang='lat' dir='ltr'>a</span> <span class='ocrx_word' id='word_1_368' title='bbox 1129 4191 1223 4251; x_wconf 79' lang='lat' dir='ltr'>quo</span> <span class='ocrx_word' id='word_1_369' title='bbox 1321 4174 1497 4239; x_wconf 78' lang='lat' dir='ltr'>uisquis</span> <span class='ocrx_word' id='word_1_370' title='bbox 1530 4175 1592 4223; x_wconf 79' lang='lat' dir='ltr'>ab</span> <span class='ocrx_word' id='word_1_371' title='bbox 1624 4174 1755 4223; x_wconf 83' lang='lat' dir='ltr'>initio</span> <span class='ocrx_word' id='word_1_372' title='bbox 1786 4174 1987 4240; x_wconf 75' lang='lat' dir='ltr'>pudicus</span> <span class='ocrx_word' id='word_1_373' title='bbox 2014 4180 2274 4249; x_wconf 72' lang='lat' dir='ltr'>permanet,</span> <span class='ocrx_word' id='word_1_374' title='bbox 2292 4173 2357 4221; x_wconf 84' lang='lat' dir='ltr'>ab</span> 
     </span>
     <span class='ocr_line' id='line_1_39' title="bbox 150 4236 2359 4305; baseline -0.001 -18"><span class='ocrx_word' id='word_1_375' title='bbox 150 4240 234 4289; x_wconf 79' lang='lat' dir='ltr'>tibi</span> <span class='ocrx_word' id='word_1_376' title='bbox 265 4239 509 4288; x_wconf 85' lang='lat' dir='ltr'>modicum</span> <span class='ocrx_word' id='word_1_377' title='bbox 540 4239 779 4289; x_wconf 76' lang='lat' dir='ltr'>dimissum</span> <span class='ocrx_word' id='word_1_378' title='bbox 813 4248 910 4289; x_wconf 82' lang='lat' dir='ltr'>est:</span> <span class='ocrx_word' id='word_1_379' title='bbox 954 4240 1035 4289; x_wconf 79' lang='lat' dir='ltr'>sed</span> <span class='ocrx_word' id='word_1_380' title='bbox 1073 4250 1225 4305; x_wconf 72' lang='lat' dir='ltr'>potius</span> <span class='ocrx_word' id='word_1_381' title='bbox 1285 4237 1369 4287; x_wconf 89' lang='lat' dir='ltr'>ilo</span> <span class='ocrx_word' id='word_1_382' title='bbox 1389 4238 1592 4303; x_wconf 79' lang='lat' dir='ltr'>regitur3</span> <span class='ocrx_word' id='word_1_383' title='bbox 1624 4247 1673 4288; x_wconf 86' lang='lat' dir='ltr'>et</span> <span class='ocrx_word' id='word_1_384' title='bbox 1692 4238 1901 4305; x_wconf 80' lang='lat' dir='ltr'>quisquis</span> <span class='ocrx_word' id='word_1_385' title='bbox 1920 4254 1980 4287; x_wconf 87' lang='lat' dir='ltr'>ex</span> <span class='ocrx_word' id='word_1_386' title='bbox 2012 4236 2249 4303; x_wconf 75' lang='lat' dir='ltr'>impudico</span> <span class='ocrx_word' id='word_1_387' title='bbox 2270 4253 2359 4302; x_wconf 83' lang='lat' dir='ltr'>pu·</span> 
     </span>
     <span class='ocr_line' id='line_1_40' title="bbox 150 4300 2361 4376; baseline -0.001 -25"><span class='ocrx_word' id='word_1_388' title='bbox 150 4304 351 4353; x_wconf 79' lang='lat' dir='ltr'>multum</span> <span class='ocrx_word' id='word_1_389' title='bbox 372 4303 516 4368; x_wconf 83' lang='lat' dir='ltr'>dilige</span> <span class='ocrx_word' id='word_1_390' title='bbox 533 4306 566 4352; x_wconf 64' lang='grc' dir='ltr'>ὶ</span> <span class='ocrx_word' id='word_1_391' title='bbox 580 4320 676 4367; x_wconf 86' lang='lat' dir='ltr'>quo</span> <span class='ocrx_word' id='word_1_392' title='bbox 691 4303 987 4352; x_wconf 82' lang='lat' dir='ltr'>tibimultum</span> <span class='ocrx_word' id='word_1_393' title='bbox 1000 4304 1224 4353; x_wconf 82' lang='lat' dir='ltr'>tributum</span> <span class='ocrx_word' id='word_1_394' title='bbox 1287 4302 1420 4351; x_wconf 79' lang='lat' dir='ltr'>dicus</span> <span class='ocrx_word' id='word_1_395' title='bbox 1449 4303 1517 4361; x_wconf 81' lang='lat' dir='ltr'>fit,</span> <span class='ocrx_word' id='word_1_396' title='bbox 1552 4304 1614 4352; x_wconf 79' lang='lat' dir='ltr'>ab</span> <span class='ocrx_word' id='word_1_397' title='bbox 1642 4304 1726 4352; x_wconf 86' lang='lat' dir='ltr'>ino</span> <span class='ocrx_word' id='word_1_398' title='bbox 1758 4302 2031 4367; x_wconf 79' lang='lat' dir='ltr'>corrigitur3</span> <span class='ocrx_word' id='word_1_399' title='bbox 2074 4310 2123 4351; x_wconf 87' lang='lat' dir='ltr'>et</span> <span class='ocrx_word' id='word_1_400' title='bbox 2152 4300 2361 4376; x_wconf 78' lang='lat' dir='ltr'>quisquis</span> 
     </span>
     <span class='ocr_line' id='line_1_41' title="bbox 151 4366 2361 4434; baseline -0.001 -19"><span class='ocrx_word' id='word_1_401' title='bbox 151 4378 230 4416; x_wconf 76' lang='lat' dir='ltr'>est.</span> <span class='ocrx_word' id='word_1_402' title='bbox 305 4368 360 4417; x_wconf 85' lang='lat' dir='ltr'>Si</span> <span class='ocrx_word' id='word_1_403' title='bbox 379 4368 508 4417; x_wconf 82' lang='lat' dir='ltr'>enim</span> <span class='ocrx_word' id='word_1_404' title='bbox 539 4368 708 4432; x_wconf 83' lang='lat' dir='ltr'>diligit,</span> <span class='ocrx_word' id='word_1_405' title='bbox 729 4368 808 4417; x_wconf 86' lang='lat' dir='ltr'>cui</span> <span class='ocrx_word' id='word_1_406' title='bbox 829 4369 1050 4417; x_wconf 75' lang='lat' dir='ltr'>donatum</span> <span class='ocrx_word' id='word_1_407' title='bbox 1073 4377 1142 4417; x_wconf 81' lang='lat' dir='ltr'>est</span> <span class='ocrx_word' id='word_1_408' title='bbox 1163 4383 1222 4416; x_wconf 85' lang='lat' dir='ltr'>ne</span> <span class='ocrx_word' id='word_1_409' title='bbox 1285 4382 1434 4431; x_wconf 73' lang='lat' dir='ltr'>usque</span> <span class='ocrx_word' id='word_1_410' title='bbox 1477 4368 1529 4417; x_wconf 85' lang='lat' dir='ltr'>in</span> <span class='ocrx_word' id='word_1_411' title='bbox 1567 4369 1705 4417; x_wconf 81' lang='lat' dir='ltr'>finem</span> <span class='ocrx_word' id='word_1_412' title='bbox 1750 4366 2015 4434; x_wconf 75' lang='lat' dir='ltr'>impudicus</span> <span class='ocrx_word' id='word_1_413' title='bbox 2054 4374 2142 4421; x_wconf 76' lang='lat' dir='ltr'>est,</span> <span class='ocrx_word' id='word_1_414' title='bbox 2174 4366 2237 4413; x_wconf 75' lang='lat' dir='ltr'>ab</span> <span class='ocrx_word' id='word_1_415' title='bbox 2277 4366 2361 4414; x_wconf 69' lang='lat' dir='ltr'>»no</span> 
     </span>
     <span class='ocr_line' id='line_1_42' title="bbox 151 4429 2359 4499; baseline -0 -18"><span class='ocrx_word' id='word_1_416' title='bbox 151 4433 394 4493; x_wconf 83' lang='lat' dir='ltr'>redderet3</span> <span class='ocrx_word' id='word_1_417' title='bbox 435 4440 615 4496; x_wconf 75' lang='lat' dir='ltr'>quanto</span> <span class='ocrx_word' id='word_1_418' title='bbox 657 4433 804 4497; x_wconf 75' lang='lat' dir='ltr'>magis</span> <span class='ocrx_word' id='word_1_419' title='bbox 841 4433 981 4495; x_wconf 82' lang='lat' dir='ltr'>debet</span> <span class='ocrx_word' id='word_1_420' title='bbox 1013 4432 1220 4496; x_wconf 79' lang='lat' dir='ltr'>diligere,</span> <span class='ocrx_word' id='word_1_421' title='bbox 1285 4431 1527 4482; x_wconf 82' lang='lat' dir='ltr'>deseritur.</span> <span class='ocrx_word' id='word_1_422' title='bbox 1595 4434 1726 4499; x_wconf 83' lang='lat' dir='ltr'>Aug.</span> <span class='ocrx_word' id='word_1_423' title='bbox 1770 4432 1829 4482; x_wconf 85' lang='lat' dir='ltr'>de</span> <span class='ocrx_word' id='word_1_424' title='bbox 1881 4432 2057 4483; x_wconf 67' lang='lat' dir='ltr'>Sancta</span> <span class='ocrx_word' id='word_1_425' title='bbox 2093 4429 2359 4496; x_wconf 68' lang='lat' dir='ltr'>Virginitat-</span> 
     </span>
     <span class='ocr_line' id='line_1_43' title="bbox 153 4491 1429 4547; baseline -0.002 -2"><span class='ocrx_word' id='word_1_426' title='bbox 153 4498 226 4546; x_wconf 91' lang='lat' dir='ltr'>cui</span> <span class='ocrx_word' id='word_1_427' title='bbox 258 4499 486 4546; x_wconf 84' lang='lat' dir='ltr'>donatum</span> <span class='ocrx_word' id='word_1_428' title='bbox 522 4505 592 4546; x_wconf 82' lang='lat' dir='ltr'>est</span> <span class='ocrx_word' id='word_1_429' title='bbox 629 4505 682 4546; x_wconf 88' lang='lat' dir='ltr'>ut</span> <span class='ocrx_word' id='word_1_430' title='bbox 719 4496 946 4547; x_wconf 73' lang='lat' dir='ltr'>haberet!</span> <span class='ocrx_word' id='word_1_431' title='bbox 1014 4497 1140 4545; x_wconf 77' lang='lat' dir='ltr'>Nam</span> <span class='ocrx_word' id='word_1_432' title='bbox 1175 4504 1224 4545; x_wconf 81' lang='lat' dir='ltr'>et</span> <span class='ocrx_word' id='word_1_433' title='bbox 1287 4491 1429 4543; x_wconf 80' lang='lat' dir='ltr'><strong>c.42.</strong></span> 
     </span>
    </p>
   </div>
  </div>
 </body>
</html>
