3042 5059
718 398 1441 466 CONFESSIONUM
1485 403 1773 468 LIBER
1812 404 1934 468 XI.
2296 408 2425 468 219

203 565 296 637 et,
325 557 540 630 Quam
566 557 766 637 longo
797 563 1086 639 tempore
1112 553 1276 620 illud
1313 575 1446 620 non
1473 554 1641 629 vidi!
1690 565 1777 636 et,
1804 557 2099 643 Duplum
2126 559 2433 643 temporis

205 657 418 722 habet
455 658 599 722 haec
639 657 892 741 syllaba.
919 656 1004 720 ad
1031 657 1210 722 illam
1237 657 1538 742 simplam
1575 659 1853 722 brevem.
1940 659 2239 724 Dicimus
2266 660 2432 739 haec,

205 769 278 823 et
309 759 607 824 audimus
633 760 814 836 haec;
859 767 925 823 et
950 759 1386 840 intelligimur,
1416 767 1484 823 et
1508 757 1947 840 intelligimus.
2036 760 2433 825 Manifestis-

209 859 384 923 sima
424 869 492 923 et
531 858 952 923 usitatissima
995 867 1182 936 sunt3
1247 866 1314 922 et
1355 857 1581 922 eadem
1622 879 1841 922 rursus
1879 859 2074 924 nimis
2111 859 2335 937 latent,
2370 866 2437 922 et

204 983 386 1026 nova
413 970 514 1025 est
539 960 826 1024 inventio
857 982 1092 1024 eorum.

305 1066 412 1125 29.
457 1061 698 1125 Audivi
727 1083 769 1124 a
799 1059 1081 1145 quodam
1116 1057 1380 1124 homine
1418 1056 1633 1136 doct0,
1666 1055 1842 1143 quod
1878 1059 2035 1122 solis
2062 1066 2128 1122 et
2152 1059 2325 1123 lunae
2354 1081 2430 1124 ac
2465 1073 2665 1124 xxm.

207 1162 499 1226 siderum
535 1169 772 1239 mutue,
799 1161 947 1244 ipsa
981 1160 1114 1223 sint
1149 1168 1468 1243 tempora3
1513 1167 1581 1223 et
1615 1159 1710 1222 nil
1748 1159 1946 1224 annui
1956 1157 2009 1222 “.
2098 1160 2235 1225 Cur
2260 1159 2432 1224 enim
2449 1137 2672 1268 ἓξὲξ*

205 1285 349 1326 non
377 1263 600 1348 potius
627 1262 911 1325 omnium
953 1281 1294 1346 corporum
1320 1269 1534 1324 motus
1573 1260 1703 1324 sint
1738 1259 2061 1343 tempora?
2150 1262 2255 1324 An
2282 1281 2431 1324 vero

208 1365 274 1428 si
311 1372 639 1428 cessarent
679 1362 831 1428 coeli
871 1362 1138 1440 lumina,
1167 1370 1235 1426 et
1271 1369 1633 1426 moveretur
1672 1369 1813 1426 rota
1852 1361 2059 1445 figuli,
2088 1383 2224 1425 non
2264 1371 2437 1427 esset

206 1472 472 1548 tempus
503 1485 634 1548 quo
659 1460 1032 1526 metiremur
1060 1483 1172 1526 eos
1214 1483 1426 1545 gyros,
1454 1469 1522 1528 et
1549 1462 1907 1527 diceremus
1936 1471 2049 1527 aut
2076 1463 2433 1548 aequalibus

210 1565 489 1632 morulis
533 1567 644 1648 agi
656 1589 675 1643 ;
733 1574 848 1630 aut
889 1566 948 1628 si
997 1565 1158 1630 alias
1207 1563 1470 1642 tardius,
1510 1565 1671 1630 alias
1719 1565 2003 1630 velocius
2058 1574 2435 1644 moveretur,

208 1668 378 1732 alios
419 1667 630 1748 magis
669 1665 1004 1730 diutumos
1039 1688 1202 1744 esse,
1231 1666 1393 1731 alios
1419 1667 1673 1731 minus?
1766 1668 1895 1731 Aut
1921 1687 2069 1731 cum
2103 1667 2229 1731 hoe
2261 1667 2435 1731 dice·

208 1790 451 1846 remuS,
478 1788 613 1830 non
641 1775 707 1832 et
731 1789 852 1830 nos
880 1767 949 1830 in
979 1775 1263 1850 tempore
1289 1768 1716 1851 loqueremur,
1747 1776 1858 1832 aut
1885 1775 2101 1831 essent
2126 1769 2196 1830 in
2224 1769 2435 1832 verbis

208 1872 458 1935 nostris
486 1870 630 1934 aliae
658 1871 872 1951 longae
901 1871 1191 1954 syllabae,
1212 1871 1356 1934 aliae
1384 1871 1633 1948 breveS‚
1652 1872 1777 1935 nisi
1811 1871 1966 1955 quia
1991 1871 2121 1934 illae
2146 1871 2435 1951 longiore

213 1981 512 2056 tempore
563 1971 947 2049 sonuissent,
992 1972 1132 2035 istae
1180 1971 1514 2036 breviore?
1603 1973 1805 2050 Deus,
1850 1971 2021 2034 dona
2065 1970 2437 2034 hominibus

207 2073 433 2136 videre
483 2073 554 2135 in
603 2093 802 2157 parvo
853 2094 1226 2136 communes
1273 2073 1540 2136 notitias
1588 2093 1799 2135 rerum
1852 2093 2193 2156 parvarum
2240 2081 2434 2155 atque
2529 2127 2535 2132 .

207 2195 614 2256 magnarum.
705 2175 876 2237 Sunt
905 2182 972 2236 et
996 2175 1214 2236 sidera
1250 2181 1317 2236 et
1353 2175 1714 2236 luminaria.
1742 2174 1893 2235 coelt’
1916 2175 1991 2234 in
2016 2174 2240 2252 siquis,
2264 2181 2331 2235 et
2358 2175 2431 2235 in
2450 2185 2579 2234 Gen.
2600 2185 2648 2244 1,

217 2275 638 2356 temporibus,
666 2283 732 2338 et
751 2277 826 2336 in
853 2277 1068 2351 anni-5,
1095 2282 1164 2336 et
1189 2275 1263 2336 in
1299 2273 1555 2337 diebus.-
1594 2282 1757 2337 ‚sunt
1785 2293 1964 2350 vero;
2010 2272 2125 2336 sed
2160 2293 2281 2337 nec
2311 2294 2431 2354 ego
2453 2249 2531 2300 14.

211 2376 494 2440 dixerim
523 2375 864 2438 circuitum
898 2375 1076 2438 illius
1103 2375 1402 2455 ligneolae
1415 2371 1446 2402 ⁸
1474 2383 1632 2438 rotae
1664 2373 1833 2437 diem
1866 2395 2030 2452 esse,
2058 2395 2179 2438 nec
2216 2383 2432 2438 tamen

209 2476 363 2540 ideo
393 2486 648 2559 tempus
673 2497 808 2539 non
837 2497 978 2538 esse
1003 2476 1114 2538 ille
1145 2475 1400 2539 dixerit.

301 2581 410 2639 30.
455 2577 606 2656 Ego
635 2575 800 2639 scire
827 2576 1020 2658 cupio
1040 2575 1172 2638 vim
1193 2581 1613 2659 naturamque
1633 2576 1960 2658 temporiS,
1978 2597 2109 2659 quo
2136 2574 2434 2638 metimur

211 2697 555 2761 corporum
575 2683 808 2755 motus,
825 2685 892 2739 et
919 2675 1196 2739 dicimus
1215 2677 1398 2740 illum
1419 2684 1681 2754 motum,
1698 2677 1879 2739 verbi
1908 2676 2129 2757 gratia,
2148 2684 2431 2760 tempore

211 2777 420 2861 duplo
447 2799 591 2841 esse
621 2777 1080 2840 diuturniorem
1120 2799 1314 2861 quam
1341 2777 1556 2841 istum.
1647 2778 1819 2841 Nam
1856 2798 2095 2860 quaero,
2124 2778 2430 2860 quoniam

213 2879 360 2943 dies
399 2878 655 2955 dicitur,
683 2899 819 2940 non
857 2885 1105 2942 tantum
1147 2900 1326 2943 mora
1367 2879 1522 2943 solis
1568 2899 1760 2962 super
1798 2886 2045 2955 terram,
2078 2877 2431 2942 secundum

211 2979 398 3064 quod
425 2977 603 3042 aliud
631 2985 732 3041 est
759 2978 922 3057 dies,
952 2979 1127 3042 aliud
1155 3001 1312 3056 nox,
1335 2979 1450 3043 sed
1469 2979 1883 3044 etiamtotius
1897 2977 1927 3006 ¹*
1956 2977 2094 3061 ejus
2122 2978 2432 3042 circuitus

213 3079 302 3140 ab
333 3077 578 3141 oriente
605 3097 812 3160 usque
851 3075 934 3140 ad
973 3078 1304 3155 orientem,
1334 3077 1689 3142 secundum
1718 3075 1895 3160 quod
1932 3074 2231 3152 dicimus,
2260 3075 2279 3106 ‘
2304 3075 2432 3137 Tot

213 3178 362 3242 dies
390 3178 782 3241 transierunt
796 3178 835 3255 ;’
883 3199 1030 3240 cum
1075 3179 1210 3242 suis
1251 3179 1424 3243 enim
1461 3178 1763 3243 noctibus
1800 3176 2099 3240 dicuntur
2138 3184 2232 3238 tot
2270 3175 2430 3252 dies,

212 3302 340 3344 nec
397 3288 587 3343 extra
641 3286 1016 3361 reputantur
1071 3281 1281 3363 spatia
1325 3279 1641 3344 noctium:
1719 3278 2023 3362 quoniam
2078 3298 2234 3358 ergo
2292 3276 2431 3340 dies

215 3381 520 3464 expletur
545 3388 727 3444 motu
755 3380 933 3457 solis,
961 3371 1158 3464 atque
1185 3380 1458 3445 circuitu
1495 3380 1577 3444 ab
1609 3379 1849 3442 oriente
1877 3400 2082 3462 usque
2112 3377 2196 3442 ad
2224 3377 2430 3440 orien-

215 3491 384 3559 tem3
429 3502 650 3565 quaero
681 3491 891 3544 utrum
927 3489 1142 3544 motus
1175 3481 1319 3564 ipse
1359 3481 1445 3544 sit
1481 3481 1643 3558 dies,
1673 3501 1755 3544 an
1792 3500 1973 3544 mora
2008 3479 2155 3562 ipsa
2193 3485 2433 3562 quanta

215 3582 570 3665 peragitur,
610 3605 694 3646 an
736 3590 1097 3667 utrumque.
1189 3584 1261 3647 Si
1295 3583 1468 3646 enim
1511 3583 1788 3665 primum
1833 3582 1973 3646 dies
2021 3590 2219 3658 esset3
2293 3578 2433 3642 dies

215 3703 375 3764 ergo
423 3692 598 3747 esset
643 3684 896 3748 etiamsi
945 3691 1123 3748 tanto
1175 3684 1384 3768 spatio
1435 3684 1743 3766 temporis
1801 3684 1898 3746 sol
1947 3704 2203 3746 cursum
2252 3683 2435 3744 illum

217 3785 598 3870 peregisset,
622 3794 934 3869 quantum
965 3795 1065 3848 est
1090 3785 1265 3848 horae
1293 3784 1504 3848 unius.
1596 3785 1669 3848 Si
1689 3783 2075 3860 secundum3
2118 3804 2251 3846 non
2280 3804 2432 3862 ergo

217 3897 394 3951 esset
421 3885 584 3963 dies,
613 3887 672 3950 si
699 3887 784 3951 ab
809 3895 960 3948 ortu
989 3887 1143 3950 solis
1173 3907 1378 3969 usque
1408 3885 1478 3948 in
1507 3893 1716 3948 ortum
1745 3886 2033 3962 alterum,
2064 3891 2196 3947 tam
2222 3883 2434 3946 brevis

215 4010 402 4052 mora
425 3996 600 4052 esset
625 4009 823 4072 quam
851 3996 953 4052 est
976 3989 1152 4052 horae
1181 3987 1404 4065 unius3
1449 3986 1565 4050 sed
1593 3987 1793 4050 vicies
1820 3992 1887 4049 et
1910 3993 2137 4070 quater
2160 3984 2432 4048 circum-

215 4091 342 4154 iret
369 4091 470 4153 sol
497 4097 574 4152 ut
597 4091 893 4172 expleret
925 4089 1115 4152 diem.
1205 4090 1280 4152 Si
1308 4098 1675 4172 utrumque-3
1718 4108 1839 4151 nec
1867 4086 1977 4148 ille
2007 4085 2435 4168 appellaretur

215 4191 384 4269 dies,
427 4192 487 4254 si
529 4191 706 4256 horae
751 4193 963 4276 spatio
1004 4193 1101 4254 sol
1139 4198 1346 4256 totum
1384 4212 1572 4254 suum
1610 4210 1835 4272 gyrum
1874 4186 2265 4262 circumiret3
2310 4205 2431 4248 nec

219 4291 396 4372 ille·,
445 4295 502 4358 si
564 4296 699 4358 sole
756 4303 1048 4359 cessante
1107 4302 1352 4358 tantum
1411 4294 1718 4376 temporis
1773 4289 2141 4375 praeteriret,
2190 4295 2430 4370 quanto

219 4417 530 4479 peragere
561 4398 659 4460 sol
689 4405 896 4461 totum
934 4396 1246 4460 ambitum
1277 4393 1357 4458 de
1395 4416 1583 4457 mane
1612 4393 1679 4456 in
1718 4413 1905 4457 mane
1934 4391 2187 4454 assolet.
2278 4391 2430 4452 Non

217 4497 442 4581 itaque
489 4519 668 4563 nunc
717 4519 1022 4582 quaeram,
1051 4494 1210 4580 quid
1249 4497 1334 4559 sit
1377 4493 1540 4558 illud
1582 4493 1759 4578 quod
1804 4502 2066 4558 vocatur
2114 4489 2272 4569 dies,
2316 4488 2431 4554 sed
