3042 5059
645 372 1368 439 CONFESSIONUM
1410 374 1697 441 LIBER
1739 378 1853 440 IV.
2271 383 2349 441 51

133 528 265 590 hoc
293 529 596 610 petebam
620 529 958 613 lacrymis;
1003 528 1119 592 sed
1135 537 1383 593 tantum
1413 526 1711 594 dolebam
1740 539 1806 595 et
1832 534 2085 597 flebam.
2152 533 2356 597 Miser

135 628 312 691 enim
363 649 558 706 eram,
601 637 667 692 et
713 630 1049 694 amiseram
1095 630 1400 711 gaudium
1441 653 1674 694 meum.
1764 634 1867 695 An
1912 640 1979 697 et
2019 635 2209 697 fletus
2252 656 2353 698 res

137 750 354 793 amara
373 738 492 809 est,
515 738 581 794 et
596 754 729 815 prae
747 732 1008 795 fastidio
1024 753 1234 797 rerum
1253 732 1490 817 quibus
1510 733 1689 817 prius
1706 733 2089 814 fruebamur,
2107 744 2174 799 et
2200 744 2353 800 tunc

135 828 294 894 dum
322 833 407 895 ab
439 832 536 895 eis
567 834 1000 911 abhorremus,
1029 833 1348 897 delectat?

225 937 256 995 1
270 938 328 997 1.
376 934 554 1007 Quid
593 944 804 999 autem
839 936 966 1000 ista
1008 935 1284 1020 loquor?
1330 939 1484 1000 Non
1526 938 1697 1001 enim
1735 946 1991 1021 tempus
2028 937 2353 1021 quaerendi
2437 943 2481 990 V
2488 943 2530 991 1.

129 1058 308 1101 nunc
339 1044 460 1115 est,
490 1038 607 1101 sed
636 1039 985 1103 confitendi
1016 1040 1156 1104 tibi.
1246 1042 1451 1105 Miser
1485 1062 1678 1118 eram,
1708 1049 1775 1106 et
1800 1042 1993 1105 miser
2020 1049 2120 1105 est
2146 1040 2354 1104 omnis
2372 1007 2595 1120 ἓξὲξ

132 1138 390 1203 animus
431 1140 688 1203 vinctus
725 1140 1011 1206 amicitia
1048 1163 1258 1206 rerum
1297 1143 1698 1221 mortalium3
1744 1152 1811 1207 et
1837 1142 2181 1207 dilaniatur
2204 1164 2353 1207 cum
2370 1144 2520 1249 3¹32?

131 1261 243 1303 eas
273 1240 536 1318 amittit,
565 1248 630 1305 et
655 1248 810 1306 tunc
841 1242 1037 1306 sentit
1063 1243 1382 1307 miseriam
1413 1265 1545 1329 qua
1570 1244 1763 1308 miser
1789 1252 1889 1307 est
1916 1252 1983 1308 et
2009 1252 2354 1329 antequam
2504 1236 2520 1249 ⁰

131 1340 391 1405 amittat
417 1362 548 1406 eas.
625 1343 736 1406 Sic
769 1364 890 1424 ego
919 1364 1092 1407 eram
1119 1345 1236 1408 illo
1265 1353 1573 1428 tempore,
1594 1353 1661 1409 et
1678 1346 1911 1409 flebam
1941 1345 2353 1425 amarissime,

131 1454 198 1509 et
221 1446 713 1529 requiescebam
738 1446 809 1508 in
837 1446 1275 1511 amaritudine.
1365 1447 1470 1511 Ita
1500 1448 1695 1510 miser
1720 1468 1914 1525 eram,
1944 1454 2009 1510 et
2033 1447 2353 1510 habebam

130 1548 491 1611 chariorem
517 1548 631 1609 illo
662 1547 868 1611 amico
889 1570 1032 1611 meo
1061 1548 1260 1612 vitam
1286 1549 1496 1633 ipsam
1516 1549 1813 1612 miseram
1824 1545 1865 1610 ¹¹.
1928 1549 2099 1611 Nam
2129 1569 2350 1632 quam-

131 1647 230 1711 vis
273 1670 422 1712 eam
465 1656 710 1711 mutare
757 1651 1006 1726 vellem,
1045 1651 1283 1713 nollem
1319 1658 1535 1715 tamen
1578 1650 1865 1714 amittere
1903 1649 2111 1731 magis
2154 1672 2349 1733 quam

129 1751 337 1813 illum.
427 1752 520 1813 Et
548 1751 769 1814 nescio
819 1772 902 1814 an
952 1753 1181 1815 vellem
1218 1754 1320 1815 vel
1362 1774 1479 1835 pro
1517 1752 1655 1829 illo,
1694 1752 1863 1815 sicut
1900 1752 1980 1815 de
2018 1752 2243 1815 Oreste
2286 1760 2352 1815 et

131 1850 382 1934 Pylade
415 1850 706 1929 traditur,
745 1853 801 1915 si
847 1874 980 1915 non
1019 1854 1302 1934 fingitur,
1347 1853 1462 1937 qui
1498 1853 1739 1916 vellent
1774 1874 1891 1937 pro
1928 1852 2205 1917 invicem
2247 1854 2353 1917 vel

133 1952 328 2015 simul
369 1953 554 2031 mori,
594 1953 748 2037 quia
790 1962 992 2017 morte
1029 1953 1218 2039 pejus
1251 1954 1346 2017 eis
1385 1962 1522 2018 erat
1547 1974 1680 2017 non
1710 1954 1901 2016 simul
1929 1953 2159 2017 vivere.
2220 1954 2353 2017 Sed

133 2052 201 2115 in
227 2074 338 2116 me
359 2054 580 2140 nescio
612 2054 758 2137 quis
789 2056 1058 2119 affectus
1085 2055 1278 2118 nimis
1303 2056 1458 2119 huic
1490 2054 1843 2118 contrarius
1872 2064 2047 2118 ortus
2074 2063 2243 2131 erat3
2288 2064 2355 2119 et

132 2153 404 2217 taedium
429 2154 687 2218 vivendi
717 2164 852 2219 erat
885 2156 956 2217 in
996 2178 1098 2220 me
1142 2156 1608 2237 gravissimum,
1652 2163 1717 2219 et
1762 2155 2077 2219 moriendi
2124 2165 2351 2221 metus.

133 2255 351 2320 Credo
382 2277 514 2340 quo
540 2256 750 2337 magis
778 2256 960 2320 illum
989 2258 1304 2334 amabam,
1335 2278 1413 2319 eo
1455 2257 1665 2338 magis
1698 2265 1987 2334 mortem,
2019 2279 2165 2341 quae
2194 2259 2357 2322 mihi

130 2380 284 2422 enm
332 2361 704 2440 abstulerat,
740 2368 1048 2445 tanquam
1097 2360 1558 2425 atrocissimam
1603 2361 1951 2438 inimicam,
1993 2360 2251 2424 oderam
2288 2370 2354 2424 et

129 2461 473 2538 timebam3
521 2470 585 2525 et
614 2484 755 2525 eam
782 2472 1043 2546 repente
1073 2470 1593 2552 consumpturam
1614 2484 1835 2525 omnes
1849 2462 2145 2526 homines
2164 2472 2349 2546 puta-

130 2563 309 2640 bam,
332 2563 490 2647 quia
505 2564 689 2626 illum
717 2565 946 2648 potuit.
1009 2565 1120 2629 Sic
1151 2585 1322 2627 eram
1352 2563 1637 2640 omnin0,
1666 2562 1945 2625 memini.
2034 2564 2212 2627 Ecce
2242 2585 2353 2627 cor

128 2684 374 2740 meum,
418 2665 602 2727 Deus
638 2686 856 2729 meus:
904 2686 1054 2729 ecce
1097 2665 1273 2727 intus
1312 2664 1460 2727 vide
1501 2664 1657 2747 quia
1694 2663 1979 2740 memini,
2010 2684 2160 2747 spes
2186 2686 2353 2741 mea,

131 2763 249 2847 qui
301 2786 408 2827 me
458 2766 732 2829 mundas
787 2788 828 2830 a
869 2766 1094 2829 talium
1139 2766 1550 2829 affectionum
1594 2764 2019 2841 immunditia,
2071 2765 2355 2846 dirigens

127 2866 348 2927 oculo-5
374 2885 546 2928 meos
569 2866 663 2929 ad
691 2874 774 2945 te,
804 2874 871 2930 et
895 2869 1164 2929 evellens
1203 2866 1284 2929 de
1322 2868 1551 2949 laqueo
1585 2866 1783 2947 pedes
1807 2886 1995 2929 meos.
2068 2866 2357 2930 Mirabar
2376 2880 2456 2925 Ρ..
2475 2880 2557 2932 24.

131 2965 307 3028 enim
337 2974 606 3030 caeteros
633 2968 934 3032 mortales
961 2966 1195 3045 vivere,
1228 2968 1384 3051 quia
1409 2968 1541 3044 ille,
1570 2986 1764 3051 quem
1795 2967 1979 3050 quasi
2008 2987 2139 3028 non
2165 2968 2353 3030 mori-
2379 2946 2452 2992 15.

130 3076 350 3130 tur-mn
392 3066 770 3148 dilexeram,
795 3077 1086 3131 mortuus
1125 3076 1299 3143 erat3
1355 3076 1421 3131 et
1457 3089 1561 3131 me
1600 3068 1830 3149 magis,
1874 3068 2029 3151 quia
2064 3068 2161 3129 illi
2202 3068 2359 3131 alter

132 3188 331 3246 eram,
383 3169 595 3233 vivere
653 3172 765 3234 illo
823 3178 1076 3234 mortuo
1131 3169 1422 3232 mirabar.
1513 3170 1697 3231 Bene
1750 3167 2013 3253 quidam
2062 3168 2231 3231 dixit
2276 3167 2357 3231 de

133 3270 348 3334 amico
387 3290 542 3335 suo:
589 3273 630 3307 “
661 3271 1022 3337 Dimidium
1059 3270 1290 3335 animae
1323 3270 1567 3333 meae¹.”
1650 3270 1823 3333 Nam
1858 3291 1979 3351 ego
2018 3269 2193 3332 sensi
2222 3267 2357 3331 ani-

133 3392 305 3435 mam
341 3392 554 3436 meam
593 3381 660 3436 et
694 3372 975 3437 animam
1011 3371 1186 3435 illius
1230 3392 1426 3435 unam
1463 3370 1663 3434 fuisse
1700 3370 1978 3434 animam
2006 3371 2075 3432 in
2106 3370 2359 3433 duobus

133 3472 568 3555 corporibus‘·
589 3498 608 3537 z
675 3482 742 3537 et
788 3474 938 3538 ideo
983 3474 1142 3537 mihi
1189 3472 1432 3536 horrori
1477 3480 1615 3536 erat
1658 3472 1811 3549 vita,
1858 3472 2013 3556 quia
2058 3472 2356 3534 nolebam

135 3572 450 3638 dimidius
491 3576 744 3653 vivere3
789 3584 858 3639 et
896 3575 1043 3639 ideo
1085 3573 1248 3637 forte
1288 3573 1450 3637 mori
1493 3574 1879 3649 metuebam,
1906 3594 1987 3635 ne
2032 3579 2205 3635 totns
2248 3572 2359 3634 ille

133 3684 486 3741 moreretur
514 3698 706 3761 quem
734 3678 1008 3741 multum
1038 3681 1454 3739 amaveram⁰.

195 3810 230 3852 k
262 3812 318 3861 Si
359 3815 472 3877 quis
511 3814 700 3873 dixerit,
747 3816 860 3865 Non
904 3830 1023 3871 esse,
1103 3828 1214 3862 uam
1343 3817 1372 3845 ¹¹
1410 3812 1625 3862 Retract.
1667 3812 1751 3861 lib.
1792 3812 1840 3860 ii.
1877 3827 1927 3860 c.
1968 3813 2017 3860 6.
2087 3812 2147 3859 In
2188 3820 2357 3875 quarto

137 3877 362 3926 miserum
386 3895 466 3927 me
503 3894 606 3929 esse
637 3880 865 3929 mallem:
901 3895 1070 3945 respon
1103 3880 1222 3932 ebo.
1281 3876 1419 3933 libro,
1457 3893 1567 3926 cum
1611 3877 1673 3926 de
1712 3876 1852 3925 amici
1887 3886 2035 3926 morte
2072 3876 2217 3925 animi
2264 3877 2359 3925 mei

136 3942 379 3991 Mentiris.
461 3944 592 3993 Nam
625 3952 676 3993 et
711 3960 836 3993 nuuc
867 3945 1008 3993 miser
1040 3960 1108 4000 es,
1131 3958 1220 3991 nec
1282 3942 1520 3990 miseriam
1556 3942 1818 3997 confiterer,
1843 3940 2005 3989 dicens
2024 3939 2157 4004 quod
2194 3940 2356 3988 anima

131 4006 196 4054 ob
234 4006 370 4055 aliud
406 4008 525 4057 mori
560 4024 655 4058 non
685 4009 772 4064 vis,
799 4007 888 4057 nisi
925 4018 978 4057 ut
1014 4008 1106 4057 sis:
1153 4006 1222 4056 ita
1285 4015 1443 4055 nostra
1467 4022 1564 4055 una
1589 4005 1938 4071 quodammodo
1961 4005 2091 4053 facta
2124 4004 2274 4051 fuerat
2298 4020 2357 4053 ex

131 4086 244 4119 eum
284 4072 432 4120 miser
471 4073 590 4121 nolis
621 4089 742 4128 ease.
779 4088 886 4122 esse
928 4074 998 4121 vis
1039 4082 1212 4121 tamen.
1282 4071 1543 4126 duabus,“
1566 4072 1627 4119 Et
1647 4070 2083 4133 ideo‚”inquam‚·⁴
2103 4068 2219 4117 forte
2240 4069 2356 4117 mori

136 4134 243 4199 Age
265 4136 411 4197 igitur
435 4138 612 4200 gratias
629 4154 686 4187 ex
721 4154 779 4187 eo
807 4138 940 4203 quod
963 4154 1018 4188 es
1037 4138 1218 4193 volens,
1281 4137 1573 4189 metuebam,
1598 4150 1658 4183 ne
1678 4141 1803 4182 totus
1825 4134 1905 4182 ille
1926 4142 2195 4191 moreretur,
2215 4150 2355 4195 quem

135 4209 188 4247 ut
225 4200 360 4263 quod
401 4201 578 4251 invitus
621 4218 672 4251 es
716 4201 970 4252 auferatur.
1042 4202 1221 4250 Volent
1283 4201 1484 4248 multum
1519 4212 1789 4248 amaveram
1808 4197 1855 4245 :’'
1890 4206 1962 4260 (c.
1986 4199 2065 4261 6.)
2097 4214 2206 4259 quae
2242 4198 2357 4245 mihi

132 4265 260 4313 enim
283 4280 354 4321 es,
374 4274 426 4315 et
446 4266 586 4317 miser
607 4266 866 4316 invitus'es.
906 4270 1032 4330 Aug.
1049 4267 1112 4316 de
1135 4266 1219 4314 lib.
1285 4264 1420 4327 quasi
1441 4264 1725 4313 declamatio
1748 4262 1883 4317 levis,
1900 4277 2045 4326 quam
2066 4261 2225 4325 gravis
2244 4278 2355 4311 con-

144 4330 263 4378 Arb.
287 4330 357 4377 iii.
384 4332 426 4393 §.
456 4333 538 4380 18.
1286 4330 1429 4377 fessio
1453 4329 1669 4389 videtum
1704 4328 1919 4393 quamvis
1950 4336 2206 4389 utcumque
2236 4335 2356 4374 tem-

151 4432 158 4439 .
197 4391 216 4429 ¹
251 4395 426 4443 Horat.
449 4396 613 4445 Carm.
638 4396 726 4445 lib.
746 4396 780 4444 i.
803 4397 884 4446 od.
905 4399 955 4445 3.
1287 4402 1451 4459 perata
1483 4394 1543 4441 sit
1568 4394 1667 4442 haec
1688 4392 1864 4457 ineptia
1891 4392 1939 4439 iu
1968 4406 2029 4439 eo
2060 4391 2185 4455 quod
2222 4391 2358 4439 addi-

201 4463 243 4492 *Ι
279 4459 382 4519 Qui
403 4461 503 4509 duo
526 4462 815 4525 corporibus,
839 4462 1077 4510 mentibus
1104 4474 1226 4509 uuus
1288 4467 1390 4507 tum
1413 4468 1501 4516 est,
1526 4467 1558 4489 ⁸·
1576 4458 1748 4509 fortel’

136 4532 293 4573 eraut.
345 4522 500 4574 ovid..
518 4526 662 4575 Tria.
685 4526 719 4574 1.
742 4526 807 4576 iv.
830 4526 966 4590 Eleg.
988 4526 1048 4573 iv.
1074 4527 1152 4573 72.

1197 4596 1312 4653 ΕΞ
