3042 5059
663 381 788 439 234
1215 377 1280 440 ε.
1328 331 1845 444 ΑυουεΤ1Ν1
1892 378 2311 444 EPISCOPI

656 530 1070 614 templatione
1087 532 1450 615 requiescat
1463 531 1526 598 ?'’
1572 535 1891 606 Quoniam
1909 543 2001 614 tu,
2023 535 2226 614 Deus,
2250 533 2547 614 diligenti
2578 538 2645 594 te
2676 550 2891 614 quan·

657 641 795 696 tum
853 633 1177 717 praecipis,
1231 637 1517 700 ostendis
1576 639 1637 701 ei
1696 650 1759 702 te
1820 647 1885 703 et
1944 638 2190 702 sufficis
2248 637 2345 714 ei;
2412 643 2478 698 et
2534 633 2691 698 ideo
2752 655 2893 696 non

660 733 944 798 declinat
971 756 1011 798 a
1037 742 1122 812 te,
1151 757 1271 800 nec
1303 736 1387 800 ad
1425 759 1495 800 se
1505 743 1547 800 ⁰.
1638 739 1805 802 Hoec
1836 747 1935 802 est
1974 739 2239 802 domus⁰
2268 737 2397 800 Dei
2435 758 2567 798 non
2608 744 2891 812 terrena,

659 855 872 919 neque
909 836 1044 899 ulla
1085 836 1331 900 coelesti
1369 839 1539 902 mole
1570 859 1897 923 corporea,
1928 839 2044 903 sed
2082 837 2432 923 spiritualis
2461 846 2527 900 et
2552 835 2890 919 particeps

425 955 510 1002 ΡΒ.
536 952 645 1008 148,
664 935 1032 1000 aeternitatis
1059 943 1208 1016 tuae,
1239 939 1396 1022 quia
1424 939 1563 1002 sine
1600 941 1746 1004 labe
1784 941 1855 1004 in
1896 948 2201 1004 aetemum
2219 938 2268 1001 ¹⁸.
2360 939 2682 1001 Statuisti
2708 939 2887 998 enim

423 1020 474 1068 ⁶·
663 1059 807 1102 eam
845 1040 918 1100 in
955 1041 1260 1102 saeculum
1299 1048 1366 1103 et
1401 1043 1472 1103 in
1509 1044 1813 1105 soeculum
1848 1043 2068 1104 saeculi
2083 1067 2107 1110 ,·
2152 1046 2565 1121 praeceptum
2601 1037 2891 1117 posuisti

665 1147 730 1203 et
767 1161 894 1202 non
927 1139 1315 1221 praeteribit.
1406 1143 1548 1206 Nec
1592 1150 1808 1206 tamen
1852 1143 1971 1208 tibi
2015 1143 2159 1205 Deo
2204 1149 2543 1216 coaeterna,
2574 1137 2889 1222 quoniam

666 1265 799 1306 non
829 1243 966 1306 sine
996 1243 1182 1306 initio
1209 1243 1380 1308 facta
1407 1253 1505 1309 est
1532 1246 1723 1308 enim.

429 1347 583 1400 Eeeli.
607 1349 654 1404 1,
757 1349 860 1408 20.
922 1345 1094 1406 Nam
1144 1344 1263 1408 etsi
1321 1367 1454 1408 non
1509 1346 1873 1411 invenimus
1931 1357 2185 1430 tempus
2244 1353 2391 1410 ante
2441 1345 2645 1420 illam,
2694 1343 2891 1422 prior

430 1417 462 1464 ⁴
671 1447 910 1530 quippe
937 1446 1223 1507 omnium
1265 1455 1490 1509 creata
1521 1456 1617 1510 est
1646 1450 1974 1530 sapientia
1991 1475 2016 1518 ‚·
2062 1468 2185 1511 nec
2215 1448 2436 1530 utique
2467 1445 2581 1507 illa
2612 1443 2892 1525 Sapien-

672 1546 763 1610 tia
789 1545 931 1622 tibi,
962 1546 1143 1608 Deus
1182 1554 1415 1625 noster,
1446 1549 1624 1612 Pau-i
1666 1571 1782 1612 suo
1822 1550 2015 1632 plane
2057 1557 2375 1613 coaeterna
2414 1555 2479 1609 et
2520 1542 2793 1628 aequalis
2826 1551 2895 1604 et

662 1668 790 1728 per
833 1667 1028 1731 quam
1079 1655 1305 1729 creata
1359 1657 1514 1713 sunt
1572 1652 1813 1728 omnia,
1862 1657 1927 1712 et
1974 1649 2045 1711 in
2096 1670 2225 1732 quo
2272 1647 2616 1726 Principio
2652 1643 2895 1726 fecisti

674 1750 900 1812 coelum
949 1755 1014 1810 et
1067 1755 1308 1811 terram
1329 1774 1352 1818 ,·
1420 1749 1535 1812 sed
1591 1750 1878 1832 profecto
1943 1748 2259 1832 sapientia
2307 1769 2453 1830 quae
2503 1752 2717 1808 creata.
2770 1749 2892 1819 est,

675 1848 1127 1912 intellectualis
1193 1857 1420 1913 natura
1479 1851 1748 1930 scilicet,
1810 1873 1956 1934 quae
2020 1847 2562 1930 contemplatione
2623 1843 2895 1907 luminis

675 1951 894 2012 lumen
937 1957 1070 2012 est:
1119 1949 1352 2012 dicitur
1395 1951 1566 2012 enim
1609 1959 1674 2014 et
1720 1952 1886 2035 ipsa,
1931 1951 2224 2035 quamvis
2273 1956 2507 2024 creata,
2552 1945 2893 2029 sapientia.

679 2049 811 2113 Sed
862 2057 1173 2134 quantum
1222 2051 1484 2114 interest
1532 2051 1698 2114 inter
1744 2052 1960 2114 lumen
2009 2049 2183 2135 quod
2233 2049 2555 2111 illuminat
2604 2054 2670 2108 et
2713 2043 2895 2129 quod

676 2151 1076 2216 illuminatur
1084 2164 1128 2230 ‘¹,
1157 2161 1407 2216 tantum
1443 2153 1611 2216 inter
1638 2155 2019 2237 sapientiam
2051 2175 2195 2238 quae
2227 2158 2399 2216 creat
2428 2158 2493 2213 θῖ
2523 2150 2714 2212 istam
2746 2167 2896 2230 quae

681 2262 896 2317 creata
923 2261 1050 2330 est;
1097 2253 1266 2317 sicut
1292 2254 1458 2316 inter
1471 2253 1792 2338 justitiam
1809 2254 2274 2340 justificantem
2304 2261 2370 2316 et
2387 2249 2711 2337 justitiam
2748 2267 2895 2330 quae

672 2353 1138 2439 justificatione
1165 2355 1338 2418 facta
1364 2362 1477 2417 est.
1571 2357 1742 2418 Nam
1771 2363 1836 2418 et
1862 2378 1984 2419 nos
2024 2354 2180 2418 dicti
2220 2377 2441 2418 sumus
2467 2351 2725 2438 justitia
2764 2359 2895 2411 tua.

443 2471 476 2516 2
496 2469 608 2516 Cor.
681 2456 793 2519 Ait
835 2455 1007 2519 enim
1052 2454 1316 2540 quidam
1360 2475 1578 2518 servus
1622 2463 1792 2533 ῖ1111ε,
1819 2465 1896 2518 ut
1938 2478 2052 2519 nos
2092 2459 2294 2520 simm
2319 2457 2598 2539 justitia
2644 2453 2781 2516 Dei
2823 2453 2897 2512 in

445 2535 495 2588 5,
515 2533 599 2580 ²¹⁶
681 2562 836 2640 ipso.
926 2559 1104 2640 Ergo
1136 2557 1290 2642 quia
1325 2557 1502 2640 prior
1532 2559 1817 2621 omnium
1854 2567 2067 2623 creata
2104 2567 2203 2622 est
2240 2557 2537 2642 quaedam
2578 2553 2899 2639 sapientia

686 2684 830 2746 quoe
861 2669 1074 2724 creata
1101 2668 1219 2739 est,
1248 2682 1428 2724 mens
1454 2661 1783 2724 rationalis
1814 2670 1878 2724 et
1911 2661 2360 2725 intellectualis
2390 2667 2585 2724 castae
2616 2657 2897 2721 civitatis

449 2777 567 2828 Gal.
585 2783 633 2836 4,
686 2771 834 2839 tuae,
861 2765 1096 2825 matris
1121 2770 1350 2825 nostroe
1376 2782 1514 2847 quoe
1539 2784 1794 2826 sursum
1824 2772 1941 2840 est,
1970 2771 2035 2826 et
2070 2762 2275 2826 libera
2313 2770 2431 2841 est,
2460 2770 2525 2824 et
2551 2769 2799 2823 oeterna
2826 2761 2895 2820 in

450 2845 534 2968 ἰδ’
685 2865 888 2934 ocelim
941 2861 1200 2948 (quibus
1229 2863 1434 2939 coelis,
1462 2862 1589 2925 nisi
1621 2863 1735 2946 qui
1764 2871 1827 2926 te
1858 2863 2139 2926 laudant
2173 2866 2316 2927 coeli
2350 2865 2651 2927 coelorum
2671 2887 2695 2931 ;
2749 2860 2900 2944 quia

451 2935 532 3035 45⁵
563 2921 670 2976 148,
686 2967 814 3058 hoc
854 2973 952 3029 est
990 2975 1055 3029 et
1094 2966 1330 3029 coelum
1370 2964 1519 3027 coeli
1561 2965 1842 3027 Domino
1858 2963 1905 3045 ?)
1940 2966 2061 3028 etsi
2087 2987 2220 3028 non
2248 2965 2610 3028 invenimus
2644 2970 2902 3044 tempus

687 3075 836 3131 ante
876 3067 1074 3143 illam,
1114 3065 1268 3150 quia
1309 3073 1375 3128 et
1417 3074 1766 3128 creaturam
1808 3065 2112 3147 temporis
2156 3066 2495 3142 antecedit,
2533 3087 2685 3149 quae
2729 3064 2905 3146 prior

689 3170 976 3233 omnium
1028 3177 1241 3233 creata
1289 3178 1425 3244 θεῖς
1479 3175 1625 3230 ante
1676 3168 1854 3231 illam
1903 3177 2119 3232 tamen
2166 3177 2265 3232 est
2311 3169 2518 3252 ipsius
2572 3167 2903 3232 Creatoris

692 3271 1030 3347 aetemitaS,
1060 3291 1100 3332 a
1143 3289 1272 3352 quo
1314 3268 1485 3331 facta
1530 3269 1801 3352 sumpsit
1844 3268 2200 3345 exordium,
2232 3267 2547 3352 (quamvis
2576 3288 2714 3330 non
2744 3275 2901 3330 tem-

688 3371 864 3456 poris
915 3370 1222 3456 quoniam
1235 3365 1264 3395 ¹*
1307 3367 1596 3432 nondum
1646 3377 1781 3432 erat
1820 3371 2116 3451 tempuS,)
2162 3369 2367 3452 ipsius
2410 3377 2624 3433 tamen
2676 3366 2903 3430 condi-

689 3474 882 3539 tionis
911 3494 1062 3536 suae.

777 3578 881 3634 21.
930 3572 1122 3636 Unde
1151 3573 1244 3654 ita
1273 3580 1371 3634 est
1399 3575 1516 3636 abs
1546 3580 1609 3634 te
1640 3575 1783 3636 Deo
1812 3580 2051 3652 nostr0,
2073 3581 2146 3636 ut
2173 3571 2350 3635 aliud
2378 3572 2462 3635 sit
2489 3572 2683 3654 plane
2706 3593 2901 3655 quam

692 3659 785 3750 tu,
831 3679 896 3735 et
936 3694 1070 3734 non
1112 3671 1396 3754 idipsum
1414 3676 1450 3734 ⁸.
1542 3672 1861 3744 Quoniam
1904 3673 2026 3735 etsi
2068 3693 2200 3735 non
2245 3672 2454 3734 solum
2498 3678 2647 3734 ante
2697 3671 2901 3744 illum,
2998 3709 3000 3730 1

693 3773 810 3838 sed
837 3794 956 3836 nec
987 3772 1054 3834 in
1081 3772 1196 3835 illa
1225 3771 1585 3835 invenimus
1614 3781 1888 3855 tempuS,
1911 3772 2066 3856 quia
2092 3781 2190 3835 est
2218 3772 2451 3834 idonea
2470 3771 2705 3836 faciem
2728 3779 2902 3836 tuam

757 3973 784 4000 ⁰
818 3968 1077 4016 Fatendum
1103 3975 1174 4016 est
1202 3967 1328 4017 enim
1358 3975 1406 4016 et
1438 3967 1647 4032 Angelos
1679 3983 1763 4015 na·
1828 3967 2164 4016 habitationem
2196 3984 2331 4016 cuam
2361 3969 2515 4025 Deus,
2536 3976 2593 4016 ut
2612 3968 2686 4016 illi
2714 3983 2775 4016 ex
2805 3967 2901 4033 ipso

691 4041 798 4081 tura
835 4047 934 4081 esse
971 4033 1236 4090 mutabiles,
1275 4033 1316 4080 si
1357 4031 1486 4081 solus
1526 4033 1659 4080 Deus
1694 4039 1765 4080 est
1828 4031 2035 4080 habeant
2056 4033 2150 4081 mle
2170 4034 2369 4091 bonnm,
2394 4049 2489 4094 quo
2521 4033 2647 4080 beati
2668 4048 2773 4081 esse
2799 4048 2900 4098 pos-

691 4097 1100 4146 incommutabilis.
1168 4099 1258 4145 Sed
1291 4111 1350 4145 ea
1386 4096 1626 4144 voluntate
1668 4111 1765 4159 qua
1826 4095 1935 4153 sint,
1958 4111 2053 4144 11011
2084 4113 2145 4146 ex
2180 4097 2249 4146 eis
2282 4097 2365 4146 ille
2395 4097 2537 4145 talem
2566 4098 2785 4156 domum,
2807 4096 2901 4144 sine

695 4161 843 4220 magis
875 4162 1036 4209 Deum
1068 4177 1210 4226 quam
1245 4176 1294 4209 se
1325 4160 1541 4224 diligunt.
1566 4159 1689 4207 firmi
1719 4167 1765 4208 et
1860 4175 1924 4208 ua
1968 4161 2137 4210 beatus
2177 4178 2278 4210 esse
2321 4177 2416 4210 non
2459 4161 2619 4226 possit.
2684 4161 2814 4225 Aug.
2858 4175 2899 4207 c.

691 4224 880 4273 stabiles
897 4234 1090 4273 manent
1105 4226 1154 4273 in
1175 4225 1274 4278 illo,
1296 4233 1345 4274 et
1364 4225 1583 4273 fruuntur
1600 4224 1768 4288 majes-
1880 4225 1959 4273 dv.
1980 4225 2099 4288 Leg.
2119 4234 2167 4276 et
2192 4226 2367 4290 Proph.
2390 4227 2426 4274 l.
2450 4225 2484 4273 i.
2506 4241 2553 4273 c.
2575 4227 2626 4274 2.

689 4297 787 4337 tate
829 4289 846 4337 i
903 4289 991 4345 'us‚
1023 4288 1068 4336 ei
1105 4289 1188 4338 uni
1229 4289 1529 4338 libentissime
1574 4287 1768 4337 subditi.
1896 4293 1923 4332 ‘1
1956 4288 2035 4338 Cf.
2064 4290 2115 4338 in
2149 4290 2262 4340 Joh.
2283 4291 2445 4338 Tract.
2476 4289 2571 4338 xiv.
2595 4291 2638 4352 §.
2672 4291 2726 4337 2.
2760 4305 2897 4337 xxxv.

691 4359 819 4416 Aug.
867 4369 896 4402 e
916 4368 1027 4401 vera
1049 4354 1180 4418 relig.
1203 4369 1247 4401 c.
1273 4355 1350 4402 13.
1831 4354 1871 4415 §·
1893 4355 1946 4400 3.
1968 4369 2013 4403 c.
2037 4355 2129 4418 Ep.
2153 4355 2452 4403 Parmenion.
2475 4354 2510 4401 l.
2534 4353 2587 4402 ii.
2608 4369 2653 4402 c.
2682 4355 2759 4400 14.

756 4423 783 4462 P
815 4418 932 4466 Tem
969 4417 1016 4465 lo
1039 4427 1195 4466 autem
1213 4433 1315 4475 suo,
1329 4418 1454 4480 quod
1475 4423 1587 4467 sunt
1607 4431 1768 4464 omnes
1896 4423 1916 4451 ¹
1950 4418 2012 4465 C.
2036 4418 2346 4477 Manichaeos,
2364 4419 2455 4468 vid.
2468 4434 2574 4484 sup.
2598 4418 2636 4466 1.
2658 4415 2724 4468 iv.
2749 4433 2799 4467 n.
2819 4418 2891 4466 26.

691 4480 841 4530 sancti
856 4488 904 4530 θῖ
969 4481 1092 4546 ngeli
1113 4489 1159 4532 et
1180 4481 1406 4540 homines,
1425 4482 1492 4532 sic
1508 4480 1769 4546 impertitur
1834 4497 1882 4530 11.
1905 4481 1936 4532 s.
1963 4497 2009 4546 p.
2040 4483 2121 4531 59.
