3042 5059
687 362 808 419 100
1239 356 1305 421 S.
1339 356 1851 421 AUGUSTINI
1896 354 2311 434 EPISCOPI

683 520 756 573 ut
779 512 842 573 ei
867 532 982 595 per
1007 511 1214 573 visum
1243 510 1609 574 ostenderes
1638 509 1885 593 aliquid
1912 509 1992 573 de
2020 509 2231 573 futuro
2260 506 2675 571 matrimonio
2702 528 2888 583 meo;

681 632 1012 696 nunqnam
1049 611 1325 675 voluisti.
1413 612 1506 674 Et
1532 610 1793 674 videbat
1818 609 2117 694 quaedam
2144 630 2309 673 vana
2348 615 2413 671 et
2452 608 2888 690 phantastica,

683 734 813 796 quo
855 714 1130 792 cogebat
1167 714 1447 796 impetus
1489 712 1571 775 de
1609 713 1735 775 hac
1774 732 1845 775 re
1886 709 2237 791 satagentis
2268 709 2536 773 humani
2576 710 2884 791 spiritus3

679 821 745 876 et
770 814 1067 876 narrabat
1091 813 1272 889 mihi,
1289 833 1422 875 non
1449 833 1599 876 cum
1626 811 1869 875 fiducia
1894 832 2027 894 qua
2052 810 2321 886 solebat,
2336 830 2486 873 cum
2516 817 2590 871 tu
2620 808 2882 871 demon-

679 914 924 976 strabas
961 911 1042 987 ei,
1082 912 1196 975 sed
1234 920 1649 975 contemnens
1694 932 1787 975 ea.
1876 912 2157 975 Dicebat
2200 910 2371 974 enim
2414 910 2781 973 discernere
2814 930 2883 972 se

677 1012 898 1075 nescio
941 1032 1070 1094 qno
1113 1032 1362 1094 sapore,
1391 1032 1585 1096 quem
1626 1012 1840 1075 verbis
1880 1011 2205 1094 explicare
2246 1031 2377 1073 non
2418 1017 2695 1093 poterat,
2724 1010 2883 1093 quid

675 1112 1011 1175 interesset
1047 1112 1212 1175 inter
1249 1112 1635 1175 revelantem
1675 1120 1763 1187 te,
1790 1120 1855 1173 et
1894 1111 2173 1175 animam
2214 1132 2397 1173 suam
2436 1110 2880 1185 somniantem.

677 1213 1046 1275 Instabatur
1070 1222 1303 1288 tamen,
1333 1219 1400 1275 et
1425 1212 1646 1294 puella
1679 1213 2036 1293 petebatur,
2065 1211 2249 1296 cujus
2278 1220 2437 1275 aetas
2460 1210 2660 1273 ferme
2699 1211 2879 1273 bien-

674 1312 785 1374 nio
813 1311 1027 1374 minus
1056 1332 1252 1395 quam
1290 1310 1531 1374 nubilis
1560 1318 1728 1387 erat3
1772 1319 1839 1375 et
1878 1312 2035 1396 quia
2072 1333 2151 1376 ea
2189 1313 2509 1395 placebat,
2538 1318 2879 1393 exspecta-

676 1414 880 1476 batur.

469 1528 610 1603 xlv.
761 1519 864 1577 24.
909 1514 1001 1576 Et
1025 1512 1214 1575 multi
1241 1512 1433 1575 amici
1461 1512 1927 1593 agitaveramus
1966 1513 2202 1590 enimc,
2229 1522 2297 1577 et
2323 1515 2771 1597 colloquentes
2800 1534 2873 1575 ac

435 1592 514 1641 De
535 1602 633 1641 ''t‘'
669 1613 1058 1677 detestantes
1116 1614 1514 1679 turbulentas
1570 1613 1867 1677 humanae
1918 1612 2067 1675 vitae
2124 1612 2471 1689 molestiaS,
2520 1633 2695 1695 pene
2737 1612 2873 1697 jam

433 1671 490 1703 00
623 1686 642 1695 ·

435 1672 650 1784 ninii-ez-
667 1714 1142 1779 firmaveramus
1197 1714 1422 1776 remoti
1473 1736 1514 1777 a
1562 1713 1765 1775 turbis
1814 1710 2017 1775 otiose
2077 1712 2328 1775 vivere:
2406 1712 2476 1775 id
2526 1713 2733 1775 otium
2780 1715 2871 1777 sic

430 1784 630 1899 223¹}ss
665 1815 891 1891 moliti,
919 1824 994 1877 ut
1025 1815 1080 1877 si
1119 1814 1277 1898 qnid
1317 1815 1554 1877 habere
1597 1832 1954 1897 possemne,
1984 1812 2412 1875 conferremus
2453 1812 2524 1874 in
2566 1814 2871 1891 medium,

433 1912 611 1963 delibe-
665 1936 988 1998 unamque
1034 1936 1170 1977 rem
1217 1914 1591 1977 familiarem
1641 1913 2061 1976 conflaremus
2107 1934 2192 1976 ex
2239 1913 2580 1991 omnibus3
2646 1923 2727 1977 ut
2760 1906 2881 1998 per'

433 1986 522 2027 Μ
665 2014 964 2078 amicitiae
1009 2014 1436 2077 sinceritatem
1478 2035 1612 2076 non
1654 2020 1826 2077 esset
1868 2011 2043 2075 aliud
2084 2012 2279 2097 hujus
2324 2021 2389 2077 et
2430 2014 2610 2077 aliud
2650 2015 2866 2093 illius3

665 2116 781 2181 sed
839 2116 1016 2201 quod
1070 2139 1157 2181 ex
1214 2117 1464 2181 cunctis
1519 2116 1701 2179 fieret
1754 2138 1975 2193 unum,
2032 2123 2099 2179 et
2153 2116 2518 2179 universum
2584 2117 2868 2199 singulo-

659 2238 804 2279 rum
849 2225 1038 2294 esset,
1085 2224 1152 2280 et
1199 2216 1414 2280 omnia
1469 2216 1794 2279 omnium:
1848 2236 2013 2279 cum
2068 2214 2425 2280 videremur
2478 2217 2674 2282 nobis
2736 2241 2870 2283 esse

660 2338 854 2401 posse
904 2316 1128 2381 decem
1175 2316 1368 2379 ferme
1425 2314 1727 2399 homines,
1764 2315 1833 2377 in
1882 2315 2107 2379 eadem
2152 2317 2475 2395 societate,
2522 2327 2869 2404 essentque

657 2418 826 2481 inter
879 2439 1000 2481 nos
1064 2414 1452 2501 praedivites,
1509 2416 1983 2479 Romanianus‘
2038 2415 2322 2479 maxime
2381 2419 2868 2503 communiceps

658 2528 893 2596 noster,
925 2540 1116 2602 quem
1153 2525 1308 2581 tunc
1351 2537 1577 2597 graves
1608 2526 1803 2579 aestus
1837 2516 2239 2596 negotiorum
2268 2538 2526 2579 suorum
2555 2517 2642 2581 ad
2672 2521 2868 2583 comi-

657 2627 861 2683 tatum
891 2624 1302 2694 attraxerant,
1332 2618 1414 2680 ab
1442 2616 1703 2679 ineunte
1733 2624 1919 2680 aetate
1946 2616 2107 2679 mihi
2135 2616 2709 2697 familiarissimus3
2758 2621 2868 2705 qui

657 2722 938 2784 maxime
982 2721 1266 2783 instabat
1305 2720 1458 2783 huic
1500 2719 1617 2795 rei,
1646 2726 1711 2783 et
1752 2740 2052 2799 magnam
2093 2719 2164 2781 in
2206 2719 2536 2783 suadendo
2581 2721 2867 2787 habebat

655 2821 1116 2898 auctoritatem,
1146 2819 1324 2904 quod
1365 2821 1581 2902 ampla
1620 2840 1722 2883 res
1765 2820 1903 2904 ejus
1941 2821 2212 2883 multum
2256 2821 2507 2883 caeteris
2534 2824 2861 2887 anteibat:

655 2932 722 2987 et
745 2925 1074 3006 placuerat
1098 2922 1287 2985 nobis
1328 2929 1404 2984 ut
1441 2920 1579 2983 bini
1611 2920 1809 2986 annui
1844 2927 2151 3003 tanquam
2190 2922 2603 3001 magistratus
2642 2925 2863 2986 omnia

654 3024 1014 3089 necessaria
1054 3030 1364 3099 curarent,
1399 3019 1648 3085 caeteris
1688 3018 1938 3102 quietis.
2029 3017 2158 3083 Sed
2198 3028 2625 3104 posteaquam
2664 3023 2864 3107 coepit

720 3196 737 3227 ῑ
780 3192 1101 3242 Romanianus
1153 3206 1180 3239 c
1303 3198 1376 3239 tus
1429 3190 1520 3239 fuit
1561 3189 1725 3254 Alypii
1789 3196 1825 3219 “
1844 3198 2090 3255 postremo.
2114 3191 2341 3256 quidquid
2361 3192 2421 3241 de
2454 3192 2551 3241 otio
2581 3209 2691 3243 meo
2722 3196 2859 3243 modo

657 3260 679 3317 (
689 3258 812 3321 Aug.
837 3257 924 3321 Ep.
947 3258 1009 3303 27
1031 3256 1094 3303 ad
1117 3256 1220 3303 Pau
1241 3254 1336 3316 in.)
1355 3255 1512 3304 indole
1536 3260 1725 3317 Augus·
1786 3256 1983 3318 gaudeo.
2002 3256 2127 3319 quod
2144 3270 2175 3303 a
2189 3256 2527 3322 superfluarum
2544 3258 2858 3323 cupiditatum

655 3320 752 3369 tino
788 3320 877 3385 ipsi
909 3318 1114 3367 mirabili
1151 3320 1224 3383 (c.
1248 3319 1402 3368 Acad.
1438 3318 1472 3367 i.
1501 3321 1547 3369 1.
1575 3318 1623 3365 ii.
1648 3316 1724 3379 1.)
1792 3318 1988 3367 vinculis
2006 3320 2205 3378 evolavi,
2229 3320 2357 3383 quod
2386 3321 2607 3385 depositis
2636 3323 2857 3372 oneribus

657 3391 688 3412 ‘⁸
713 3386 774 3433 ab
794 3384 984 3433 ineunte
1003 3383 1317 3432 adolescentia
1337 3382 1599 3431 divitiarum
1628 3382 1719 3430 cir·
1784 3390 2070 3431 mortuarum
2108 3399 2346 3444 curarum,
2388 3386 2579 3451 respiro,
2621 3387 2855 3451 resipisco.

655 3448 960 3498 cumfluentia
998 3447 1272 3511 exceptus‚”
1303 3447 1425 3511 (ib.)
1477 3455 1530 3495 et
1566 3447 1721 3502 rebus,
1785 3450 1923 3495 redeo
1962 3448 2025 3495 ad
2057 3462 2147 3504 me,
2178 3450 2305 3512 quod
2335 3465 2497 3514 quaero
2526 3450 2857 3501 intentissimus

656 3521 689 3541 ⁸⁴
713 3529 819 3579 quae
853 3521 1076 3579 putantur
1111 3511 1314 3560 adversis
1343 3527 1401 3559 ex
1441 3509 1725 3559 illecebrosis
1784 3510 2022 3559 veritatem
2070 3511 2239 3573 [Anno
2280 3522 2389 3562 ante
2430 3513 2717 3577 baptismum
2756 3515 2857 3580 ejus

654 3577 762 3625 vitae
794 3576 1048 3641 gurgitibus
1074 3574 1309 3640 ereptus-'³
1341 3572 1462 3640 (ih.)
1519 3574 1722 3623 Divitias
1786 3574 1892 3623 hoec
1910 3574 2087 3639 scripta
2102 3576 2234 3638 sunt]
2260 3578 2385 3641 quod
2414 3576 2623 3626 invenire
2648 3578 2753 3643 jam
2776 3595 2856 3643 ag-

653 3642 758 3704 ejus
807 3640 1113 3705 amplissimas
1161 3640 1268 3705 plus
1309 3638 1453 3687 semel
1495 3646 1723 3688 memorat
1784 3638 1981 3701 gradior,
2028 3638 2155 3702 quod
2198 3655 2275 3689 me
2316 3642 2379 3689 ad
2418 3657 2659 3703 summum
2696 3642 2855 3708 ipsum

659 3709 787 3762 Aug.
819 3706 891 3767 (c.
913 3703 1065 3752 Acad.
1086 3703 1122 3750 l.
1144 3702 1220 3765 c.)
1249 3709 1348 3751 tum
1380 3717 1569 3765 quoque
1597 3702 1717 3758 lites,
1786 3702 1975 3749 modum
1996 3710 2324 3768 perventurum
2343 3720 2442 3753 esse
2459 3706 2730 3764 confido,tu
2752 3708 2855 3754 ani-

654 3767 1112 3833 quibusexercitatus
1125 3775 1210 3820 est.
1226 3765 1544 3876 molestas.5c.
1568 3766 1717 3814 Acad.
1782 3766 1938 3821 mAsti,
1962 3774 2011 3813 tu
2035 3766 2275 3831 impulisti.
2291 3776 2341 3816 tu
2362 3768 2564 3817 fecisti.”
2600 3770 2671 3833 (c.
2698 3770 2855 3819 Acad-

653 3832 686 3879 l.
711 3850 757 3881 c.
778 3832 826 3880 ii.
853 3834 897 3888 1,
920 3833 992 3895 2.)
1031 3840 1080 3879 et
1112 3830 1282 3893 quihus
1306 3829 1482 3877 obnubi
1501 3837 1631 3878 atum
1650 3837 1721 3878 est
1782 3829 1832 3878 ii.
1853 3830 1933 3893 2.)
2002 3832 2142 3887 Eum,
2164 3830 2214 3879 in
2245 3832 2621 3881 Manichaeorum
2654 3832 2854 3883 heresin

649 3896 753 3963 ejus
783 3896 1018 3961 ingenium
1052 3895 1117 3943 ita
1135 3903 1189 3943 ut
1209 3908 1344 3960 piene
1365 3908 1529 3941 omnes
1557 3892 1723 3941 lateret
1786 3900 1819 3921 “
1840 3909 2001 3942 secum
2044 3895 2329 3960 praecipitem
2376 3896 2535 3945 dedit'’
2582 3898 2713 3961 Aug.
2775 3902 2845 3962 (c.

651 3966 726 4021 (c.
751 3960 904 4008 Acad.
923 3959 974 4015 ii.
997 3958 1073 4018 2.)
1108 3966 1209 4006 tum
1239 3972 1348 4005 vero
1379 3957 1588 4005 maxima
1618 3956 1721 4019 ejus
1786 3958 1939 4007 Acad.
1972 3957 2006 4005 i.
2036 3960 2077 4021 §.
2103 3958 2181 4014 3.)
2214 3960 2337 4009 unde
2364 3960 2507 4009 etiam
2536 3976 2645 4009 eum
2683 3963 2854 4027 pariter

647 4040 757 4088 erga
785 4025 906 4087 Aug.
933 4025 1086 4086 ipsum
1113 4021 1356 4078 beneficia,
1379 4036 1517 4085 quem
1544 4026 1575 4051 ‘⁶
1600 4022 1713 4068 ado-
1780 4020 2015 4070 emersisse
2079 4026 2359 4087 sperandum
2413 4034 2500 4082 est,
2555 4040 2667 4072 cum
2724 4025 2853 4090 Aug.

646 4087 950 4136 lescentulum
978 4101 1227 4151 pauperem
1254 4084 1314 4133 ad
1344 4084 1588 4148 peregrina
1615 4092 1710 4132 stu·
1776 4084 1951 4149 scripta
1983 4085 2328 4150 dnligentissime
2359 4088 2446 4136 sibi
2480 4091 2848 4153 comparaverit3

646 4151 726 4201 dia
747 4160 1030 4216 pergentem.
1049 4160 1098 4197 et
1107 4150 1248 4197 domo
1267 4156 1315 4196 et
1326 4156 1482 4195 sumtu
1495 4156 1543 4197 et
1562 4148 1715 4211 (quod
1782 4150 1905 4213 (Ep.
1926 4151 2034 4208 27.)
2068 4166 2221 4215 neque
2250 4160 2406 4199 tamen
2436 4152 2731 4201 diffitendum
2764 4163 2849 4211 est,

648 4214 753 4279 plns
767 4218 864 4276 est)
879 4214 1035 4261 animo
1056 4213 1309 4277 exceperit;
1348 4219 1478 4277 patre
1497 4213 1715 4260 orbatum
1782 4214 1910 4275 Aug.
1945 4222 2043 4261 tum
2087 4214 2136 4261 in
2171 4214 2301 4263 libris
2342 4224 2504 4263 contra
2538 4216 2851 4266 Academicos

645 4278 852 4337 amicitia
887 4277 1153 4326 consolatus
1191 4276 1266 4332 sit,
1307 4274 1570 4324 hortatione
1612 4275 1711 4324 ani·
1775 4292 1886 4325 enm
1930 4277 2089 4326 timide
2132 4280 2383 4327 admodum
2423 4280 2483 4327 ad
2518 4295 2683 4328 veram
2726 4282 2847 4330 hane

647 4342 803 4398 matit,
831 4356 924 4405 ope
956 4340 1184 4404 adjuverit
1205 4358 1220 4399 ;
1261 4339 1615 4403 Carthaginem,
1654 4340 1709 4388 il·
1776 4340 2115 4407 philosophiam
2132 4343 2477 4400 adhortasse,et
2499 4343 2703 4393 Paulino
2721 4361 2847 4395 com-

531 4426 540 4435 ·
645 4405 865 4455 lusti-ioris
898 4403 1188 4469 professionis
1229 4402 1395 4469 gratie,
1428 4411 1713 4453 remeantem
1776 4407 2035 4462 mendasse,
2057 4412 2091 4434 ⁸·
2116 4406 2198 4469 qui
2224 4422 2284 4455 ex
2315 4406 2459 4463 omni,
2478 4416 2565 4456 aut
2583 4424 2647 4457 ex
2679 4424 2849 4473 magna

641 4466 913 4514 necessariis
975 4466 1190 4515 omnihus
1253 4466 1574 4515 sustentaverit
1587 4466 1715 4527 ;''-
1778 4477 1911 4532 parte
1929 4484 2011 4533 per
2030 4469 2238 4533 linguam
2258 4469 2363 4534 ejus
2380 4473 2679 4523 sanaretur.”
2710 4474 2831 4537 (ib.)
