3042 5059
703 371 826 429 160
1253 365 1320 426 S.
1367 363 1885 426 AUGUSTINI
1932 361 2353 427 EPISCOPI

783 524 888 582 ⁶21.
936 520 1088 582 Hoc
1119 539 1378 602 quoque
1419 518 1516 580 illi
1556 520 1731 580 bono
1760 518 2086 602 mancipio
2120 526 2250 593 tuo,
2279 518 2347 578 in
2380 513 2565 599 cujus
2595 522 2785 578 utero
2822 533 2933 574 me

699 621 950 696 creasti,
993 621 1175 683 Deus
1217 640 1420 696 meuS,
1462 619 1899 682 misericordia
1940 640 2104 696 mea,
2148 639 2381 681 munus
2424 617 2670 699 grande
2719 615 2933 678 dona-

697 741 903 799 veraS,
926 719 1104 804 quod
1121 720 1290 782 inter
1309 718 1695 782 dissidentes
1724 727 1918 804 atque
1946 719 2271 784 discordes
2294 719 2618 804 quaslibet
2647 717 2934 791 animas,

699 823 814 886 ubi
857 829 1128 905 poterat,
1157 831 1288 886 tam
1331 843 1400 884 se
1442 823 1775 904 praebebat
1815 822 2177 906 pacificam,
2207 829 2281 884 ut
2324 843 2472 886 cum
2514 823 2599 884 ab
2644 829 2933 902 utraque

699 925 904 986 multa
947 923 1028 986 de
1069 923 1348 986 invicem
1391 922 1639 986 audiret
1680 923 2093 1000 amarissima,
2138 923 2357 1006 qualia
2412 923 2578 986 solet
2630 928 2933 984 emetare

700 1037 962 1105 turgens
1003 1031 1196 1108 atque
1232 1023 1556 1104 indigesta
1594 1021 1915 1086 discordia
1945 1023 2203 1107 quando
2245 1023 2547 1106 praesenti
2576 1021 2807 1085 amicae
2844 1019 2929 1082 de

701 1128 965 1192 absente
990 1125 1256 1188 inimica
1282 1145 1398 1208 per
1425 1124 1613 1188 acida
1654 1124 1979 1208 colloquia
2021 1122 2331 1188 cruditas*
2366 1125 2715 1186 exhalatur
2742 1117 2929 1184 odio-

698 1247 876 1302 rum3
920 1226 1085 1288 nihil
1127 1235 1340 1289 tamen
1383 1227 1564 1288 alteri
1608 1225 1689 1288 de
1732 1227 1930 1288 altera
1970 1223 2285 1308 proderet,
2312 1225 2441 1287 nisi
2470 1223 2651 1308 quod
2690 1223 2779 1286 ad
2812 1243 2931 1285 eas

697 1326 1206 1392 reconciliandas
1247 1328 1500 1389 valeret.
1591 1327 1864 1389 Parvum
1906 1327 2031 1390 hoc
2080 1328 2323 1389 bonum
2366 1326 2527 1387 mihi
2572 1324 2929 1400 videretur,

696 1429 827 1491 nisi
851 1430 1070 1492 turbas
1097 1428 1595 1491 innumerabiles
1620 1427 1819 1490 tristis
1848 1428 2189 1510 experirer,
2211 1427 2430 1490 nescio
2448 1447 2583 1510 qua
2596 1424 2931 1488 horrenda

693 1529 1065 1612 pestilentia
1090 1537 1506 1611 peccatorum
1532 1528 1841 1591 latissime
1869 1535 2276 1610 pervagante,
2305 1549 2440 1591 non
2470 1529 2687 1590 solum
2727 1526 2924 1588 irato-
3021 1587 3022 1596 ,

691 1653 837 1694 rum
873 1631 1277 1694 inimicorum
1304 1631 1482 1693 iratis
1511 1630 1791 1692 inimicis
1834 1629 2009 1693 dicta
2048 1629 2336 1713 prodere,
2368 1628 2483 1692 sed
2526 1628 2729 1692 etiam
2774 1648 2926 1709 quae

693 1752 824 1796 non
855 1731 1030 1795 dicta
1059 1741 1210 1794 sunt
1247 1731 1519 1808 addere3
1578 1753 1727 1794 cum
1770 1739 1993 1794 contra
2033 1728 2322 1794 homini*
2356 1732 2643 1793 humano
2688 1750 2923 1812 pamm

691 1854 834 1895 esse
885 1832 1116 1896 debeat
1157 1833 1531 1896 inimicitias
1586 1833 1919 1895 hominum
1976 1853 2097 1895 nec
2156 1834 2439 1896 excitare
2498 1851 2623 1894 nec
2686 1851 2927 1910 augere

691 1934 860 1995 male
917 1934 1266 2017 loquendo,
1312 1934 1438 1996 nisi
1485 1955 1595 1996 eas
1642 1933 1835 1996 etiam
1894 1933 2303 2013 exstinguere
2359 1935 2528 1996 bene
2586 1929 2924 2014 loquendo

690 2033 1040 2109 studuerit;
1117 2035 1326 2117 qualis
1385 2035 1498 2097 illa
1555 2043 1709 2110 erat,
1758 2033 2027 2096 docente
2079 2042 2143 2096 te
2190 2033 2497 2114 magistro
2554 2033 2792 2095 intimo
2854 2031 2925 2092 in

691 2134 916 2198 schola
944 2135 1252 2216 pectoris.

777 2240 882 2297 22.
929 2235 1232 2318 Denique
1261 2235 1458 2298 etiam
1486 2236 1693 2298 virum
1738 2257 1923 2298 suum
1958 2234 2098 2318 jam
2141 2236 2211 2299 in
2257 2245 2548 2299 extrema
2591 2235 2734 2298 vita
2776 2235 2923 2319 ejus

687 2338 1028 2419 temporali
1061 2339 1310 2402 lucrata
1348 2345 1446 2400 est
1483 2338 1625 2414 tibi,
1656 2359 1775 2401 nec
1814 2339 1885 2400 in
1929 2360 2006 2400 eo
2040 2337 2181 2422 jam
2223 2337 2401 2400 fideli
2438 2338 2706 2420 planxit
2746 2336 2925 2420 quod

690 2438 762 2500 in
817 2438 1106 2501 nondum
1163 2438 1340 2501 fideli
1401 2439 1791 2501 toleraverat.
1878 2440 2041 2501 Erat
2096 2440 2291 2504 etiam
2348 2460 2532 2502 serva
2590 2459 2923 2500 servorum

687 2547 960 2602 tuorum.
1052 2539 1363 2623 Quisquis
1407 2561 1626 2602 eorum
1666 2548 1934 2602 noverat
1974 2561 2138 2616 eam,
2166 2542 2439 2603 multum
2479 2541 2552 2602 in
2582 2561 2663 2602 ea
2688 2539 2919 2602 lauda-

685 2641 802 2703 bat
843 2647 910 2702 et
951 2641 1310 2704 honorabat
1351 2648 1416 2703 et
1459 2640 1769 2720 diligebat
1794 2649 1897 2716 te;
1944 2641 2099 2723 quia
2142 2642 2459 2704 sentiebat
2499 2639 2921 2724 praesentiam

691 2749 866 2804 tuam
895 2740 966 2802 in
995 2741 1184 2804 corde
1224 2742 1386 2826 ejus,
1417 2750 1659 2804 sanctae
1700 2743 2201 2805 conversationis
2241 2743 2557 2805 fructibus
2594 2742 2877 2804 testibus
2890 2736 2919 2788 ¹·

452 2850 607 2899 lTim·
625 2851 673 2908 5,
693 2842 929 2904 Fuerat
957 2842 1128 2904 enim
1156 2845 1354 2904 unius
1384 2844 1510 2904 viri
1553 2863 1743 2918 umor,
1770 2851 2069 2905 mutuam
2110 2846 2309 2905 vicem
2336 2843 2737 2922 parentibus
2774 2843 2921 2904 red-

445 2917 500 2974 9,
525 2917 575 2964 4.
596 2915 673 2963 ¹⁰·
691 2943 974 3020 diderat,
1001 2943 1259 3005 domum
1289 2963 1475 3006 suam
1504 2945 1624 3023 pie
1654 2951 2073 3024 tractaverat,
2102 2946 2174 3006 in
2204 2943 2497 3025 operibus
2526 2945 2711 3006 bonis
2741 2945 2919 3006 testi-

449 3049 568 3101 Gal.
591 3053 640 3110 4,
687 3045 974 3106 monium
1031 3043 1323 3107 habebat.
1429 3045 1786 3106 Nutrierat
1843 3044 2035 3121 filios,
2093 3046 2283 3108 toties
2338 3067 2440 3108 eos
2496 3047 2921 3126 parturietur,

455 3117 533 3167 19.
694 3145 948 3228 quoties
991 3145 1108 3206 abs
1151 3152 1214 3207 te
1259 3143 1513 3207 deviare
1562 3147 1880 3208 cernebat.
1970 3147 2302 3209 Postremo
2346 3146 2561 3224 nobiS,
2606 3147 2922 3222 Domine,

693 3245 1014 3320 omnibUS,
1060 3245 1214 3328 quia
1271 3267 1356 3307 ex
1401 3265 1665 3309 munere
1721 3254 1831 3308 tuo
1888 3245 2047 3308 sinis
2098 3248 2282 3330 loqui
2336 3246 2535 3309 servis
2590 3247 2749 3324 tuis,
2809 3247 2923 3330 qui
3021 3273 3022 3308 2

694 3352 841 3406 ante
888 3343 1333 3408 dormitionem
1381 3345 1518 3429 ejus
1562 3345 1653 3408 it.
1680 3353 1743 3409 te
1780 3344 1919 3428 jam
1962 3346 2313 3410 consociati
2354 3349 2733 3411 vivebamus
2776 3369 2921 3430 per·
3021 3341 3022 3388 1

693 3451 885 3526 cepta
942 3445 1143 3525 gratia
1200 3447 1522 3528 Baptismi
1582 3447 1698 3524 tui,
1755 3447 1847 3509 ita
1904 3468 2123 3510 curam
2183 3449 2382 3529 gessit
2442 3451 2633 3534 quasi
2693 3471 2920 3512 omnes

697 3545 1043 3624 genuisset,
1072 3547 1166 3609 ita
1194 3546 1451 3610 servivit
1481 3547 1668 3631 quasi
1698 3548 1779 3610 ab
1810 3549 2108 3612 omnibus
2153 3551 2369 3630 genita
2409 3550 2659 3613 fuisset.

461 3645 626 3758 coffi-
785 3649 888 3706 23·
935 3645 1358 3728 Impendente
1409 3656 1622 3711 autem
1666 3647 1771 3711 die
1817 3670 1947 3732 quo
1992 3671 2075 3712 ex
2119 3651 2243 3714 hac
2286 3651 2421 3714 vita
2460 3658 2600 3715 erat
2642 3653 2921 3730 exitura,
3017 3631 3022 3638 Ἰ

457 3772 621 3836 quium
701 3766 894 3828 quem
947 3745 1118 3809 diem
1161 3756 1234 3810 tu
1274 3769 1564 3826 noveras,
1607 3750 2051 3830 ignorantibus
2104 3752 2332 3827 nobis3
2397 3763 2809 3835 provenerat,
2852 3762 2924 3817 ut
3021 3761 3022 3780 ἦ

458 3851 683 3951 ξξθωάἳῧ·
700 3848 913 3928 cred0,
940 3845 1320 3932 procurante
1365 3858 1428 3913 te
1473 3851 1745 3914 occultis
1786 3851 1917 3914 tuis
1957 3851 2189 3930 modis»,
2216 3861 2292 3916 ut
2332 3875 2455 3936 ego
2498 3863 2567 3918 et
2605 3855 2760 3939 ipsa
2802 3857 2923 3918 soli
2990 3923 3022 3932 ¹¹

460 3981 605 4028 regno

457 4031 606 4144 {²3:1¹3-
703 4152 714 4163 .
769 4090 793 4128 h
827 4091 984 4138 Mater
1004 4099 1176 4145 nostra,
1194 4092 1332 4157 cujus
1350 4093 1610 4156 ingenium,
1633 4101 1776 4158 atque
1838 4094 1874 4143 l.
1896 4093 1948 4143 ii.
1972 4095 2021 4159 ἓ.
2052 4097 2092 4144 l.
2126 4097 2251 4146 Ibid.
2268 4097 2303 4149 l.
2330 4098 2361 4146 i.
2382 4099 2430 4162 ἓ.
2448 4099 2529 4148 32.
2550 4115 2659 4148 eam
2682 4109 2721 4132 ‘⁸
2736 4101 2917 4151 divinas

699 4169 749 4202 m
770 4169 843 4202 res
862 4154 1042 4205 divinas
1057 4154 1397 4205 inflammatum
1421 4157 1776 4212 animum‚cum
1838 4159 2092 4233 scripturas
2126 4161 2457 4211 vehementer’·
2494 4163 2563 4212 ait
2601 4171 2635 4192 ‘⁸
2662 4167 2917 4231 amplecti’¹

699 4225 842 4266 antea
862 4219 1084 4267 convictu
1105 4221 1342 4276 diuturno,
1365 4230 1414 4270 et
1432 4221 1642 4285 diligenti
1662 4237 1775 4270 cou-
1838 4231 1887 4272 et
1906 4223 2125 4272 exnmium
2147 4229 2253 4286 ejus
2274 4227 2447 4292 profert
2464 4243 2743 4294 responsum
2764 4251 2781 4288 ;
2818 4238 2851 4259 “
2866 4230 2917 4278 Si
3021 4243 3022 4270 ³

697 4281 971 4356 sideratipne
986 4297 1329 4350 perspexeram,
1345 4293 1448 4334 tum
1460 4301 1571 4334 vero
1590 4287 1639 4334 in
1654 4301 1771 4350 qua·
1834 4287 1961 4335 bona
1988 4304 2095 4352 quae
2116 4291 2231 4338 velit
2258 4299 2306 4340 et
2333 4293 2524 4350 babeat,
2546 4295 2717 4344 beatus
2748 4303 2841 4354 est;
2876 4295 2915 4344 si

698 4347 809 4394 dam
846 4347 1157 4418 disputatione
1202 4364 1295 4397 non
1327 4365 1484 4414 parvae
1523 4349 1608 4406 rei,
1641 4357 1774 4398 tanta
1836 4361 1992 4401 autem
2017 4354 2145 4402 mala
2165 4356 2292 4410 velit,
2314 4358 2531 4419 quamvis
2560 4358 2757 4420 habeat,
2781 4361 2916 4410 miser

701 4410 819 4457 mihi
839 4426 972 4460 mens
988 4412 1032 4476 ej
1041 4428 1094 4460 us
1114 4423 1408 4478 apparuerat,
1422 4422 1474 4463 ut
1485 4414 1602 4462 nihil
1620 4417 1775 4480 aptius
1836 4417 1961 4466 πῖθ’
2025 4419 2104 4468 De
2126 4419 2265 4469 beata
2284 4420 2398 4478 vita,
2420 4423 2465 4484 §.
2491 4423 2567 4471 10.

701 4489 820 4523 verae
859 4474 1167 4542 philosophiae
1210 4476 1453 4528 videretur.
1533 4479 1612 4529 De
1654 4481 1773 4530 Ord.
