3042 5059
671 418 754 475 44
871 413 936 476 S.
982 406 1496 474 AUGUSTINI
1542 402 1961 469 EPISCOPI
2007 400 2268 467 CONF.
2314 400 2487 464 LIB.
2534 392 2667 465 III.

667 567 886 651 itaque
923 564 1184 646 fugisse.
1273 564 1435 637 Quae
1479 582 1630 626 cum
1664 560 1775 625 ille
1814 559 2108 638 dixisset,
2146 566 2341 642 atque
2376 555 2493 621 illa
2522 557 2728 621 nollet
2768 576 2875 619 ac-

669 667 1020 752 quiescere,
1058 663 1174 729 sed
1206 664 1472 728 instaret
1504 661 1715 743 magis
1753 658 2176 744 deprecando,
2216 666 2282 723 et
2315 658 2591 721 ubertim
2632 656 2877 733 flendo,

666 777 742 832 ut
764 790 870 831 me
897 766 1162 845 videret,
1191 774 1257 830 et
1295 786 1551 828 mecum
1590 762 1951 826 dissereret:
2015 762 2126 824 ille
2154 759 2295 845 jam
2338 760 2877 823 substomachans

665 869 884 947 taedio,
912 870 952 905 “
983 867 1188 946 Vade,
1226 865 1461 950 inquit,
1502 885 1542 928 a
1578 885 1681 927 me
1697 886 1714 940 3
1757 860 1861 926 ‘ita
1900 862 2108 927 vivas:
2170 859 2349 926 fieri*
2380 883 2513 924 non
2548 868 2768 946 potest
2802 868 2878 922 ut

668 973 711 1006 “
737 972 911 1035 filius
952 972 1216 1035 istarum
1269 971 1692 1052 lacrymarum
1750 968 2025 1051 pereat.’'

2128 967 2321 1039 Quod
2362 967 2475 1030 illa
2515 966 2608 1029 ita
2652 986 2721 1028 se
2770 986 2875 1027 ac·

669 1074 940 1157 cepisse,
973 1072 1142 1135 inter
1177 1069 1502 1154 colloquia
1542 1090 1659 1131 sua
1690 1089 1942 1131 mecum
1981 1089 2153 1152 saepe
2188 1067 2659 1144 recordabatur,
2700 1088 2780 1129 ac
2820 1065 2877 1127 si

671 1175 750 1238 de
779 1176 946 1237 coelo
975 1172 1308 1236 sonuisset.

735 1493 768 1515 ⁸·
794 1485 963 1534 Visum
1000 1493 1071 1535 est
1103 1485 1197 1535 hue
1227 1484 1454 1534 ascribere
1481 1483 1735 1548 Augustini

669 1550 827 1599 locum
851 1566 910 1599 ex
932 1549 1015 1599 lib.
1038 1551 1084 1599 3.
1113 1558 1277 1599 contra
1299 1549 1497 1597 Litteras
1523 1547 1740 1598 Petiliani

669 1614 948 1668 Donatistae,
987 1630 1032 1665 c.
1070 1616 1126 1662 17
1154 1633 1166 1663 ε
1217 1623 1230 1644 ·
1258 1614 1344 1662 Me
1379 1612 1518 1661 etiam
1548 1613 1740 1677 presby-

573 1684 592 1697 ·
667 1685 818 1727 terum
859 1678 998 1727 fuisse
1043 1677 1438 1735 Manichoeorum,
1479 1676 1556 1725 vel
1597 1675 1742 1726 falsus

668 1742 743 1789 vel
767 1742 935 1791 fallens
957 1741 1159 1791 mirabili
1185 1741 1440 1791 temeritate
1472 1740 1737 1789 contendat.

672 1806 836 1856 Verba
854 1806 972 1881 tertii
993 1807 1098 1854 libri
1119 1804 1477 1880 Confessionum
1508 1820 1738 1865 mearum,

669 1885 967 1989 gilcssisffiastii
985 1872 1208 1984 esti'szizgg
1219 1870 1741 1997 affiget-gaam?

672 2014 768 2063 quo
799 1998 842 2046 ei
880 1998 1064 2047 videtur
1087 1998 1326 2047 intellectu
1351 2006 1581 2062 proponat
1599 2006 1739 2061 atque

672 2063 871 2127 arguat!
937 2064 1173 2121 Quaenam
1203 2078 1314 2111 vero
1345 2062 1434 2111 sint
1465 2063 1609 2109 verba
1639 2061 1738 2120 illa,

672 2142 780 2191 quae
802 2142 887 2175 suo
907 2127 1063 2175 avulsa
1087 2127 1194 2175 loco
1227 2134 1434 2191 proterve
1467 2125 1741 2191 interpreta-

671 2192 812 2240 batur
837 2190 1108 2246 Petilianus,
1124 2191 1258 2239 nobis
1276 2190 1616 2255 incompertum
1640 2198 1740 2251 est;

674 2255 790 2304 forte
807 2270 870 2303 au
888 2255 974 2303 ista
995 2255 1160 2319 capitis
1177 2255 1326 2304 sexti:
1364 2262 1378 2283 ⁴
1407 2256 1535 2303 Nam
1560 2269 1738 2303 versum

673 2326 722 2367 et
743 2334 932 2367 carmen
952 2318 1091 2367 etiam
1115 2319 1174 2367 ad
1197 2334 1308 2367 vera
1330 2318 1572 2385 pulmenta
1594 2326 1741 2367 trans-

674 2382 806 2432 fero?
888 2383 1077 2448 Quippe
1113 2383 1339 2432 amatoria
1375 2383 1609 2431 maleficia
1637 2399 1743 2431 mu·

675 2446 776 2495 lieri
788 2448 902 2495 data
911 2448 1224 2513 exprobrabat
1235 2446 1517 2513 Augustino.
1528 2456 1581 2494 ut
1590 2448 1743 2497 videre

675 2519 746 2560 est
764 2513 816 2559 in
835 2511 1042 2576 ejusdem
1079 2512 1186 2561 libri
1219 2522 1382 2561 contra
1404 2510 1622 2559 Petiliani
1645 2512 1743 2560 Lit-

675 2583 798 2625 teras
817 2576 1096 2652 capite16.”
1130 2577 1230 2641 [ed.
1247 2576 1393 2640 Ben.]
1429 2576 1579 2639 Atqui
1600 2576 1648 2625 id
1671 2576 1743 2625 ni-

677 2640 744 2687 hil
765 2656 956 2689 ommno
978 2640 1136 2689 fuisset
1157 2642 1218 2689 ad
1240 2656 1356 2699 rem,
1376 2656 1527 2705 neque
1544 2640 1668 2689 enim
1683 2642 1742 2689 de

677 2703 750 2752 his
767 2704 934 2769 agitur,
954 2706 1033 2753 sed
1057 2706 1116 2753 de
1171 2706 1474 2769 resbyteratu,
1495 2720 1591 2770 quo
1615 2706 1744 2769 Aug.

679 2767 798 2816 inter
821 2770 872 2817 M
879 2768 1116 2817 anichoeos
1157 2778 1346 2817 unctum
1368 2785 1467 2818 esse
1488 2770 1743 2819 contendit.

673 2833 845 2880 ‘Verba
880 2848 1014 2895 porro
1046 2848 1073 2881 e
1103 2848 1209 2897 cap.
1229 2834 1277 2881 6.
1307 2832 1470 2888 allata,
1492 2833 1743 2882 calumnias

679 2896 733 2944 in
766 2912 813 2945 c.
842 2898 918 2945 16.
949 2912 976 2944 e
1007 2896 1234 2945 Petiliano
1267 2906 1502 2962 excerptae
1534 2897 1747 2964 apprime

679 2961 991 3027 respondent3
1025 2971 1135 3010 sunt
1164 2962 1288 3010 enim
1329 2968 1362 2990 “
1385 2962 1582 3027 eulogiae
1616 2962 1749 3027 panis

679 3024 950 3089 simpliciter
983 3033 1031 3074 et
1059 3025 1262 3075 hilariter
1292 3027 1449 3075 datoe”
1471 3026 1635 3091 quales
1665 3027 1749 3075 iste

681 3094 715 3117 “
738 3089 932 3138 ridiculo
966 3090 1152 3139 nomine
1183 3106 1425 3139 venenosae
1453 3090 1745 3157 turpitudinis

679 3168 736 3201 ac
775 3154 943 3203 furoris
984 3154 1230 3203 infamavit
1256 3154 1303 3213 ;”
1359 3160 1392 3184 ⁸·
1416 3156 1744 3221 pulmentum''

679 3217 804 3265 enim
827 3226 860 3247 ⁸·
880 3219 1013 3268 cibus
1031 3218 1254 3268 delicatus
1273 3226 1320 3267 et
1338 3220 1494 3269 suavis
1511 3220 1665 3269 dictus
1678 3227 1749 3269 est

1801 1483 2075 1624 ans-2.
2098 1482 2667 1614 z..:¹‚0.·z²¹;=.²:.e;².·.3.=:.
2690 1484 2799 1597 {r
2840 1519 2879 1598 2.

1804 1626 1995 1660 ommno
2028 1613 2223 1661 diversae
2252 1620 2377 1666 sunt,
2397 1622 2445 1662 et
2473 1614 2577 1662 loco
2598 1614 2782 1663 diverso
2804 1614 2879 1661 aI-

1804 1676 1933 1725 latae.
1998 1676 2123 1723 Mihi
2140 1692 2258 1727 vero
2282 1676 2399 1724 nihil
2430 1677 2626 1726 dubium
2646 1686 2734 1730 est.
2759 1678 2879 1741 quin

1806 1741 1948 1788 verba
1976 1742 2039 1790 ab
2069 1740 2199 1790 initio
2240 1742 2343 1789 Lib.
2375 1742 2461 1790 4ti.
2500 1743 2744 1807 arripuerit
2783 1744 2877 1791 Pe-

1803 1804 2009 1860 tiliauus,
2030 1812 2065 1833 “
2078 1805 2192 1853 illac
2212 1815 2369 1854 autem
2394 1806 2578 1871 purgari
2596 1822 2682 1854 nos
2696 1808 2761 1855 ab
2783 1807 2880 1856 istis

1804 1869 2014 1918 sordibus
2034 1879 2301 1944 expetentes
2328 1885 2438 1917 cum
2468 1870 2534 1919 eis
2557 1871 2639 1936 qui
2660 1872 2879 1937 appella-

1804 1941 1964 1982 rentur
1982 1935 2117 1983 electi
2138 1942 2185 1982 et
2204 1934 2385 1983 sancti''
2406 1945 2453 1983 et
2476 1934 2665 1983 seorsim
2687 1945 2880 2001 sumpta

1803 2013 1861 2045 eo
1875 1998 2127 2055 detorserit,
2150 2008 2204 2047 ut
2226 1999 2539 2063 Augustinum
2561 1999 2681 2048 inter
2703 2009 2737 2029 ··
2750 2000 2879 2049 elec·

1803 2063 1908 2111 tos”
1922 2064 2045 2111 unde
2065 2062 2321 2127 presbyteri
2331 2063 2489 2111 selecti
2500 2072 2624 2121 sunt,
2639 2076 2881 2113 versatum

1803 2126 1943 2176 fuisse
1965 2127 2277 2175 contenderet.
2332 2128 2506 2175 Forsan
2526 2127 2667 2176 etiam
2692 2136 2725 2156 ‘⁸
2751 2129 2881 2177 elec-

1804 2191 1907 2239 tos”
1928 2198 1976 2239 et
2008 2197 2041 2218 ‘⁸
2065 2192 2389 2257 presbyteros”
2410 2192 2532 2239 in‘ter
2562 2207 2615 2240 se
2646 2192 2881 2242 confudit.

1807 2255 1950 2314 Quod
1990 2271 2097 2303 vero
2135 2257 2259 2305 hanc
2298 2256 2585 2305 calumniam
2618 2256 2792 2306 refutet
2820 2274 2883 2306 ea

1805 2320 1909 2384 ipsa
1939 2320 2169 2368 sententia
2197 2321 2322 2369 unde
2357 2328 2543 2385 arrepta
2580 2320 2657 2377 sit,
2694 2322 2881 2369 nu‘llam

1805 2384 1951 2433 habet
1967 2384 2308 2443 difficultatem,
2328 2386 2423 2433 imo
2454 2384 2626 2449 optime
2659 2387 2886 2435 convenit

1807 2464 1915 2497 cum
1944 2448 2013 2507 iis,
2048 2464 2155 2512 quae
2179 2449 2244 2497 ait
2275 2451 2405 2513 Aug.
2425 2454 2457 2475 “
2486 2449 2628 2497 verba
2656 2466 2769 2514 quae
2800 2468 2884 2513 per

1808 2530 1851 2561 se
1888 2516 1985 2575 ipsa
2021 2512 2389 2562 manifestissima
2418 2522 2527 2562 sunt
2564 2512 2882 2578 legentibus.”

1808 2577 1997 2643 Quippe
2030 2593 2139 2625 cum
2176 2594 2286 2626 eum
2323 2578 2444 2626 inter
2464 2584 2497 2607 “
2524 2578 2749 2627 Electos”
2784 2595 2883 2627 non

1807 2650 2163 2691 annumeratum
2193 2642 2332 2691 fuisse
2363 2642 2466 2691 haec
2499 2642 2600 2707 ipa
2629 2643 2779 2691 verba
2809 2644 2884 2692 in-

1807 2716 1972 2766 nuant,
1985 2722 2041 2755 eo
2054 2714 2228 2762 tamen,
2242 2707 2491 2769 posteriore
2506 2715 2636 2772 parte
2652 2707 2883 2764 abscissa,

1806 2770 2069 2836 detorqueri
2101 2771 2275 2836 possint
2306 2779 2360 2820 ut
2385 2771 2430 2819 id
2462 2771 2613 2837 ipsum
2646 2772 2884 2821 affirmare

1809 2835 2072 2884 videantur.
2121 2837 2152 2884 J
2158 2851 2235 2883 am
2253 2851 2362 2884 vero
2385 2835 2487 2883 loco
2508 2842 2541 2865 ‘⁸
2568 2836 2733 2885 Verba
2758 2840 2886 2884 tertii

1810 2899 1969 2959 libri,’'
1989 2900 2040 2947 in
2076 2900 2225 2948 MSS.
2256 2899 2473 2948 omnibns
2491 2906 2525 2929 ‘⁶
2548 2911 2717 2962 quarta
2738 2901 2884 2949 libri”

1811 2962 1919 3028 legi,
1941 2979 2001 3013 ex
2022 2963 2134 3013 edit.
2159 2963 2338 3013 Bened.
2356 2965 2419 3011 ad
2437 2964 2531 3013 loc.
2552 2964 2700 3013 serius
2721 2966 2881 3022 didici,

1812 3029 1938 3091 quod
1992 3044 2089 3076 rem
2131 3039 2264 3076 extra
2318 3028 2671 3077 controversiam
2729 3030 2881 3094 ponit.

1811 3096 1976 3141 Exstat
2028 3100 2187 3141 tamen
2224 3092 2345 3141 alius
2387 3091 2537 3150 locus,
2580 3093 2663 3156 qui
2714 3095 2883 3143 eodern

1810 3157 1995 3207 facilius
2013 3156 2277 3223 detorqueri
2298 3166 2467 3223 posset,
2494 3159 2553 3208 L.
2574 3174 2620 3207 ν.
2645 3160 2689 3222 §.
2719 3160 2803 3207 18.
