3042 5059
579 577 1434 672 AUGUSTINIANI
1493 586 2065 687 ANNALES,

1254 753 1384 792 siva

373 859 1137 923 COMPENDIOSA
1212 859 1278 923 S.
1343 856 1947 921 AUGUSTINI
2014 858 2267 920 VITA

841 1008 987 1054 cuM
1019 1009 1164 1054 stus
1194 1005 1544 1051 annosum
1575 1005 1796 1050 norm.

981 1246 1367 1299 PRAECIPUA
1404 1246 1657 1298 FACTA.

206 1341 325 1377 Aun-

158 1384 318 1480 Ξῖὲᾉνιι

273 1461 292 1480 0

161 1772 290 1834 370.

163 2121 288 2182 371.

157 2400 285 2461 372.

157 2610 283 2671 374.

154 2889 282 2951 376.

151 3306 282 3368 379.

148 3517 278 3570 383.

150 3864 279 3919 385.

150 4213 279 4267 386.

150 4563 279 4624 387.

319 1383 656 1496 ¹⁸Augustinus
698 1426 984 1494 Thagastae
1029 1425 1283 1487 nascitur,

325 1498 556 1549 Patricio
597 1503 768 1564 patre,
805 1502 973 1546 matre
1009 1492 1283 1556 Mennim,

327 1567 413 1617 die
441 1566 647 1618 decima
669 1565 829 1617 tertia
851 1564 1166 1616 Novembris
1173 1584 1190 1626 3
1229 1572 1285 1616 et

323 1637 484 1704 paulo
532 1642 654 1704 post
691 1635 1082 1687 catechumenis
1124 1634 1285 1686 ascri-

325 1705 486 1757 bitur.

333 1775 551 1826 Sextum
588 1773 852 1826 decimum
881 1772 1054 1824 aetatis
1086 1789 1282 1824 annum

327 1862 513 1914 agens,
533 1844 722 1896 studiis
742 1843 1076 1904 intermissis,
1092 1859 1157 1894 ex
1171 1841 1284 1893 otio

323 1916 379 1964 in
417 1915 676 1965 luxuriam
712 1912 916 1964 incidit.
989 1914 1116 1962 Mox
1154 1912 1286 1963 Car-

325 1984 544 2053 thagine
581 1985 798 2034 studens
833 1981 1133 2046 rhetoricae,
1165 1981 1276 2032 libi-

329 2054 502 2105 dinosi
526 2054 720 2105 amoris
745 2053 932 2119 laqueo
957 2051 1208 2102 irretitur.

323 2123 583 2175 Patricius
609 2123 847 2183 moritur,
873 2129 927 2172 et
949 2121 1281 2190 Augustinus

323 2199 475 2260 patre
512 2193 726 2244 orbatus
762 2191 920 2242 alitur
958 2190 1282 2259 Carthagine

328 2263 627 2330 sumptibus
658 2261 842 2313 matris
874 2269 929 2312 et
962 2277 1063 2328 ope
1089 2262 1282 2312 Roma-

322 2349 489 2383 mam.

326 2400 466 2453 Cum
502 2401 790 2452 secundum
827 2399 1152 2467 Carthagine
1189 2416 1282 2450 an-

324 2487 454 2523 num
487 2472 722 2540 degeret,
749 2470 916 2521 filium
944 2470 1277 2520 Adeodatum

323 2557 387 2592 ex
413 2542 707 2592 concubina
730 2540 970 2609 suscipit.

323 2612 386 2662 In
413 2611 830 2662 Manichaeorum
865 2607 1114 2660 haeresim
1148 2606 1280 2659 labi-

322 2688 428 2742 tur,
447 2688 503 2732 et
526 2681 822 2748 complures
841 2697 905 2730 ex
929 2678 1276 2730 familiaribus

321 2751 432 2802 suis
456 2751 511 2801 in
536 2767 654 2801 eam
679 2749 912 2818 pellicit:
955 2765 1137 2800 casum
1162 2748 1276 2816 ejus

319 2821 480 2872 deflet
492 2820 761 2881 Monnicn,
771 2826 826 2871 et
838 2818 1067 2870 reditum
1083 2824 1278 2886 sperat.

321 2889 646 2957 Aliquandiu
661 2890 947 2958 Thagastae
970 2887 1279 2957 grammati-

317 2977 438 3012 cam
474 2961 659 3011 docet:
700 2961 792 3010 sed
827 2975 950 3010 mox
985 2958 1123 3008 redit
1149 2957 1279 3008 Car-

316 3029 614 3099 thaginem,
639 3037 694 3080 et
716 3029 790 3080 ibi
816 3027 1134 3079 rhetoricam
1158 3043 1278 3095 pro-

317 3099 516 3150 fitetur.
561 3099 698 3150 Cum
718 3098 796 3149 illi
819 3097 1066 3149 theatrici
1090 3097 1279 3148 carmi-

315 3169 402 3219 nis
460 3177 730 3221 certamen
787 3167 920 3219 inire
971 3166 1275 3234 placuisset,

315 3238 550 3307 palmam
573 3238 714 3290 tulit.

317 3308 642 3376 Astrologiae
711 3306 934 3358 nimium
1016 3305 1273 3367 tribuens,

315 3378 572 3446 paulatim
621 3378 686 3429 ab
736 3394 800 3428 ea
846 3382 1110 3428 avocatur.
1193 3377 1275 3427 De

316 3448 544 3499 Pulchro
567 3455 621 3498 et
647 3448 790 3514 Apto
813 3447 976 3498 libros
1001 3444 1202 3496 scribit.

317 3519 738 3570 Manichaeorum
772 3532 976 3568 errores
1016 3523 1073 3566 et
1109 3515 1275 3566 imbe-

314 3588 592 3639 cillitatem
638 3586 916 3654 comperit,
953 3587 1048 3636 sed
1087 3585 1275 3636 incidit

314 3657 370 3707 in
383 3657 822 3708 Academicorum
836 3655 1011 3706 dubia.
1050 3655 1273 3706 Romam

317 3728 704 3795 proficiscitur:
742 3727 816 3777 ibi
841 3725 1160 3776 rhetoricam
1183 3726 1276 3776 do-

315 3805 420 3848 cet.

318 3866 608 3917 Mediolani
643 3873 812 3916 artem
845 3865 1126 3916 oratoriam
1155 3880 1275 3930 pro-

316 3937 527 3987 fitetur:
596 3935 862 3986 Ambrosii
922 3935 1148 3991 auditor,
1207 3934 1272 3983 ab

313 4007 578 4057 erroribus
604 4004 858 4073 paulatim
884 4003 1149 4070 resipiscit
1163 4023 1180 4064 ς
1219 4009 1274 4052 at

313 4076 549 4126 libidinis
567 4075 759 4144 jugum
782 4083 1031 4125 exc-utere
1056 4089 1161 4123 non
1185 4073 1275 4122 ad·-

317 4147 421 4196 huc
445 4145 603 4196 valet.

320 4215 614 4266 Plurimum
659 4213 871 4282 proficit
921 4229 985 4264 ex
1045 4211 1274 4280 apostoli

317 4285 464 4335 Pauli
480 4285 706 4335 lectione
723 4303 738 4345 3
766 4292 820 4334 et
835 4284 1050 4333 tandem
1067 4281 1274 4334 coelesti

315 4372 445 4406 voce
470 4370 752 4422 percussus
777 4353 1115 4405 convertitur.
1159 4353 1274 4402 Ma-

313 4424 521 4493 gister-ii
545 4440 679 4474 onus
710 4438 831 4473 cum
857 4422 1158 4488 abjecisset,
1184 4423 1273 4472 ad-

317 4510 498 4545 versus
524 4493 870 4544 Academicos
896 4491 1096 4542 scribit.

323 4563 611 4615 Mediolani
670 4562 1023 4630 Baptismum,
1093 4561 1273 4612 minis·

315 4641 490 4686 trante
539 4631 836 4694 Ambrosio,
883 4631 1104 4700 suscipit
1152 4647 1270 4682 cum

1392 1338 1504 1374 Ann.

1349 1379 1426 1417 ἐἶ’
1446 1381 1617 1476 vulfilio
1642 1423 1737 1474 suo
1754 1423 2045 1476 Adeodato.
2104 1422 2375 1478 Monnicae
2400 1428 2467 1480 ad

1507 1493 1661 1546 Ostia
1681 1492 1933 1545 Tiberina
1954 1495 2147 1546 obitus.

1349 1562 1472 1616 388.
1510 1564 1843 1632 Augustinus
1901 1565 1956 1614 in
2009 1564 2247 1616 Africam
2307 1566 2462 1619 redit.

1505 1633 1811 1684 Adeodatus
1836 1632 2053 1700 optimae
2070 1634 2263 1686 indolis
2288 1643 2344 1688 et
2368 1637 2466 1688 mi-

1501 1702 1684 1754 rabilis
1702 1702 1905 1771 ingenii
1923 1720 2072 1771 puer,
2090 1711 2261 1756 morte
2278 1705 2466 1758 imma·

1503 1780 1626 1823 tura
1648 1773 1968 1840 praeripitur.

1345 1840 1469 1894 389.
1508 1841 1840 1910 Augustinus
1864 1844 2141 1910 presbyter
2156 1844 2466 1911 Hipponen-

1505 1912 1581 1962 sis
1622 1911 1894 1963 ordinatur
1931 1913 1996 1963 ab
2035 1913 2285 1982 episcopo
2321 1913 2462 1966 illius

1505 1981 1763 2032 Ecclesiae
1783 1982 2014 2033 Valerio.

1346 2048 1469 2103 392.
1506 2051 1775 2102 Adversus
1802 2051 2130 2103 Manichaeos
2156 2052 2359 2105 scribit.
2434 2051 2437 2058 '

1346 2118 1471 2171 394.
1509 2121 1818 2172 Donatistas
1844 2121 2057 2171 refellit.

1346 2188 1473 2243 395.
1513 2190 1877 2258 Hipponensis
1919 2191 2221 2259 episcopus,
2263 2191 2463 2245 Valerii

1504 2259 1799 2327 coadjutor,
1824 2277 1962 2311 anno
1999 2268 2221 2312 exeunte
2256 2263 2463 2315 ordina-

1499 2336 1603 2380 tur.

1342 2397 1468 2452 396.
1503 2398 1703 2450 Valerii
1720 2399 2085 2467 Hipponensis
2100 2400 2337 2470 episcopi
2350 2401 2462 2454 obi-

1499 2476 1605 2519 ωε.

1341 2536 1467 2598 397.
1504 2537 1837 2607 Augustinus
1898 2539 2275 2592 confessiones
2338 2557 2460 2593 suas

1499 2608 1700 2659 scribit.
1770 2608 2017 2671 Arianos,
2078 2610 2142 2661 de
2200 2610 2462 2663 Trinitate

1499 2685 1755 2738 tractans,
1782 2678 1993 2729 refellit.

1339 2746 1462 2800 398.
1504 2746 1805 2799 Concilium
1837 2748 2259 2817 carthaginense
2286 2751 2379 2812 lv,
2404 2751 2459 2802 in

1493 2833 1597 2883 quo
1622 2817 1773 2869 adest
1794 2819 2143 2887 Augustinus.

1339 2885 1466 2938 402.
1499 2887 1745 2938 Petiliani
1808 2889 2107 2940 Donatistae
2177 2889 2457 2958 epistolam

1498 2957 1756 3008 confutat.

1339 3025 1464 3078 405.
1504 3026 1780 3078 Caeciliani
1838 3027 2145 3095 praesidium
2210 3027 2461 3096 implorat

1499 3097 1750 3148 adversus
1770 3097 2190 3165 Hipponensium
2211 3099 2461 3150 Donatis-

1499 3175 1675 3217 tarum
1700 3165 2103 3218 immanitatem.

1339 3233 1462 3288 408.
1501 3238 1585 3287 De
1600 3236 1745 3287 urbis
1764 3237 1947 3287 Romae
1964 3237 2237 3288 obsidione
2252 3238 2460 3290 scribit.

1339 3304 1463 3358 411.
1505 3305 1734 3357 Collatio
1760 3305 2085 3375 Carthagine
2113 3307 2294 3358 habita
2315 3308 2455 3359 inter

1497 3377 1777 3444 episcopos
1826 3376 2136 3428 catholicos
2185 3386 2239 3428 et
2280 3379 2457 3428 Dona-

1495 3446 1671 3505 tistas,
1690 3445 1743 3495 in
1770 3462 1872 3513 qua
1885 3446 2215 3514 Augustinus
2238 3447 2455 3498 eminet.

1493 3515 1806 3583 Pelagianos
1836 3532 2040 3567 errores
2064 3525 2341 3568 nascentes
2364 3533 2460 3586 op·

1337 3652 1464 3706 413.
1497 3593 1966 3706 ¹Allignslffi:ibendum
2014 3673 2171 3707 suum
2216 3673 2349 3724 opus
2392 3658 2457 3710 de

1495 3723 1725 3776 Civitate
1752 3725 1854 3775 Dei
1878 3725 2115 3776 animum
2138 3727 2376 3794 appellit.

1337 3791 1460 3852 417.
1499 3796 1581 3845 De
1605 3795 1772 3862 gestis
1794 3794 2097 3846 Palaestinae
2116 3797 2301 3863 synodi
2317 3798 2457 3849 circa

1497 3863 1771 3932 Pelagium
1794 3865 1993 3916 scribit.

1335 3931 1460 3984 420.
1498 3933 1925 3984 priscillianistas
1950 3935 2248 4002 impugnat.

1334 4001 1460 4052 424.
1501 4002 1951 4070 Semipelagianos
1976 4003 2234 4054 confutat.

1335 4069 1460 4123 426.
1503 4072 1812 4122 Heraclium
1832 4073 2199 4139 presbyterum
2220 4072 2320 4124 sibi
2340 4089 2457 4126 suc-

1495 4158 1763 4192 cessorem
1788 4141 2049 4209 designat.

1337 4209 1459 4264 428.
1499 4212 1688 4263 Libros
1715 4212 2169 4262 Retractationum
2197 4213 2397 4265 scribit.

1335 4280 1460 4334 429.
1497 4281 1751 4350 Epistolis
1776 4283 2022 4349 Prosperi
2059 4292 2114 4332 et
2148 4282 2338 4333 Hilarii
2375 4300 2455 4334 re-

1497 4352 1739 4418 spondet.

1337 4419 1458 4472 430.
1496 4421 1748 4472 Vandalis
1808 4423 1990 4473 urbem
2052 4421 2451 4490 Hipponensem

1494 4491 1877 4552 obsidentibuS,
1936 4492 2098 4542 tertio
2166 4490 2453 4542 obsidionis

1493 4577 1677 4613 mense
1702 4561 1950 4630 migravit
1972 4563 2038 4613 ad
2058 4563 2345 4613 Dominum
2369 4561 2453 4612 die

1491 4631 1754 4700 vigesima
1774 4640 1961 4684 octava
1985 4632 2181 4684 mensis
2205 4632 2452 4699 Augusti.
