3042 5059
629 400 714 457 80
1182 392 1247 457 S.
1296 388 1811 459 AUGUSTINI
1858 392 2278 457 EPISCOPI

626 548 988 631 desperanti
1017 548 1100 611 ad
1131 556 1194 611 te
1225 548 1394 613 viam
1428 558 1645 631 patere
1684 550 1954 627 homini,
1982 550 2195 613 inanis
2226 569 2381 614 cura
2406 550 2851 627 remanserat),

623 649 967 713 veniebant
993 649 1064 711 in
1092 648 1376 712 animum
1404 670 1620 713 meum
1650 650 1841 712 simul
1871 670 2020 713 cum
2048 649 2261 712 verbis
2284 670 2431 732 quae
2465 648 2849 730 diligebam,

622 770 724 812 res
782 750 972 813 etiam
1017 770 1180 833 quas
1222 749 1651 831 negligebam.
1742 751 1973 833 Neque
2018 750 2191 813 enim
2236 770 2317 813 ea
2358 748 2656 812 dirimere
2696 757 2847 832 pot-

623 870 812 913 eram.
900 851 992 913 Et
1031 848 1185 912 dum
1228 870 1338 913 cor
1376 850 1689 932 aperirem
1720 849 1805 913 ad
1833 848 2335 934 excipiendum*
2366 872 2561 935 quam
2606 849 2848 914 diserte

622 953 887 1030 diceret,
920 952 1156 1035 pariter
1195 954 1477 1017 intrabat
1513 961 1579 1016 et
1622 975 1815 1036 quam
1851 974 1995 1016 vere
2036 952 2297 1031 diceret,
2336 952 2652 1033 gradatim
2698 952 2846 1035 qui-

622 1053 786 1116 dem.
877 1055 1048 1117 Nam
1085 1054 1293 1138 primo
1325 1054 1518 1117 etiam
1545 1055 1693 1137 ipsa
1722 1053 1977 1117 defendi
2023 1076 2217 1137 posse
2258 1054 2418 1115 mihi
2452 1053 2592 1138 jam
2623 1076 2844 1137 coepe-

619 1162 762 1219 rant
803 1154 1036 1232 videri3
1105 1163 1171 1218 et
1212 1154 1408 1218 fidem
1465 1155 1870 1232 catholicam,
1912 1176 2031 1239 pro
2077 1176 2207 1239 qua
2246 1154 2413 1217 nihil
2466 1176 2662 1237 posse
2708 1154 2845 1217 (lici

621 1255 924 1319 adversus
966 1263 1414 1340 oppugnantes
1443 1255 1847 1319 Mauichaeos
1886 1264 2279 1339 putaveram,
2298 1255 2438 1339 jam
2465 1276 2598 1318 non
2626 1255 2841 1338 impu-

621 1356 844 1420 denter
880 1356 1078 1420 asseri
1117 1355 1609 1432 existimabam3
1666 1356 1951 1419 maxime
1980 1356 2200 1419 audito
2230 1376 2361 1417 uno
2392 1362 2585 1439 atque
2618 1358 2841 1433 altero,

620 1465 688 1520 et
713 1457 950 1540 saepius
981 1456 1318 1537 aenigmate
1347 1456 1557 1519 soluto
1590 1456 1669 1518 de
1700 1456 1977 1540 Scriptis
2008 1456 2365 1530 veteribus3
2410 1458 2544 1536 ubi,
2573 1479 2727 1520 cum
2755 1456 2842 1519 ad

616 1558 895 1621 litteram
933 1557 1312 1639 acciperem,
1343 1555 1690 1619 occidebar
1704 1554 1733 1583 ¹*
1766 1558 2151 1639 spiritaliter.
2242 1558 2470 1640 Itaque
2508 1558 2839 1641 plerisque

616 1658 873 1721 illorum
899 1658 1206 1720 librorum
1235 1656 1551 1739 expositis
1578 1657 1763 1735 lociS,
1784 1658 1921 1743 jam
1962 1657 2507 1741 reprehendebam
2537 1656 2837 1741 despera-

617 1758 860 1823 tionem
897 1780 1128 1835 meam,
1156 1757 1336 1820 illam
1378 1757 1694 1821 duntaxat
1721 1780 1852 1842 qua
1890 1758 2281 1822 credideram
2311 1760 2553 1840 Legem
2584 1768 2651 1823 et
2679 1762 2835 1824 Pro-

618 1860 854 1941 phetas
901 1858 1366 1923 detestantibus
1411 1867 1603 1942 atque
1657 1858 2101 1922 irridentibus²
2140 1859 2349 1921 resisti
2394 1860 2659 1923 omnino
2703 1884 2837 1925 non

617 1981 827 2043 posse.
917 1961 1059 2022 Nec
1099 1967 1312 2023 tamen
1343 1958 1482 2043 jam
1509 1958 1659 2023 ideo
1687 1960 1847 2022 mihi
1878 1959 2259 2023 catholicam
2288 1960 2460 2023 viam
2490 1961 2836 2026 tenendam

618 2081 760 2123 esse
790 2060 1166 2136 sentiebam,
1199 2059 1352 2143 quia
1381 2067 1445 2122 et
1471 2060 1617 2143 ipsa
1659 2068 1911 2143 poterat
1941 2062 2179 2123 habere
2219 2061 2444 2125 doctos
2488 2072 2836 2127 assertores

619 2182 770 2223 suos
801 2160 915 2245 qui
942 2160 1204 2243 copiose
1235 2170 1298 2225 et
1325 2182 1458 2223 non
1487 2160 1763 2224 absurde
1799 2162 2055 2246 objecta
2094 2161 2487 2238 refellerent3
2532 2184 2655 2226 nec
2684 2163 2835 2227 ideo

605 2262 747 2346 jam
775 2259 1207 2325 damnandum
1235 2260 1399 2325 illud
1427 2260 1606 2345 quod
1642 2264 1961 2341 tenebam,
1994 2262 2148 2346 quia
2185 2261 2573 2325 defensionis
2616 2272 2836 2347 partes

621 2363 1058 2446 aequabantur.
1147 2364 1251 2425 Ita
1279 2362 1450 2433 enim
1475 2362 1815 2427 Catholica
1842 2384 1974 2425 non
2000 2361 2160 2425 mihi
2191 2362 2363 2427 victa
2378 2363 2741 2445 videbatur,
2763 2374 2837 2429 ut

616 2463 902 2528 nondum
935 2464 1130 2528 etiam
1157 2463 1394 2527 victrix
1425 2472 1776 2547 appareret.

701 2568 805 2625 25.
851 2565 1038 2628 Tunc
1065 2585 1215 2626 vero
1243 2564 1486 2627 fortiter
1510 2563 1761 2627 intendi
1788 2565 2093 2643 animum,
2112 2566 2319 2650 siquo
2346 2567 2540 2630 modo
2570 2588 2833 2651 possem

615 2665 806 2729 certis
843 2664 1168 2748 aliquibus
1208 2663 1609 2729 documentis
1650 2665 2051 2729 Manichaeos
2092 2667 2471 2731 convincere
2508 2669 2830 2732 falsitatis

615 2764 808 2837 Quod
865 2766 934 2827 si*
978 2785 1234 2847 possem
1293 2766 1690 2848 spiritualem
1762 2767 2188 2831 substantiam
2245 2769 2547 2849 cogitare,
2609 2772 2830 2833 statim

613 2864 1128 2927 machinamenta
1184 2865 1297 2928 illa
1367 2864 1584 2927 omnia
1654 2867 2047 2931 solverentur
2116 2878 2181 2932 et
2248 2870 2685 2953 abjicerentur
2745 2894 2831 2934 ex

613 2965 826 3029 animo
867 2986 1048 3042 me03
1095 2966 1212 3029 sed
1251 2987 1384 3028 non
1422 2974 1732 3049 poteram.
1820 2969 2274 3032 Verumtamen
2305 2969 2384 3032 de
2411 2971 2559 3053 ipso
2600 2971 2830 3035 mundi

609 3066 804 3151 hujus
832 3087 1118 3149 corpore,
1146 3066 1450 3151 omnique
1479 3074 1709 3129 natura
1740 3089 1933 3150 quam
1966 3089 2189 3132 sensus
2220 3070 2427 3133 carnis
2458 3072 2829 3152 attingeret,

610 3168 814 3229 multa
865 3167 1300 3250 probabiliora
1354 3168 1699 3251 plerosque
1760 3168 2038 3231 sensisse
2106 3171 2557 3254 philosophos,
2617 3174 2829 3255 magis

609 3267 944 3349 magisque
988 3267 1401 3329 considerans
1441 3274 1635 3350 atque
1682 3290 2082 3350 comparanS,
2102 3270 2497 3355 judicabam.
2588 3275 2827 3357 Itaque

611 3365 1143 3430 Academicorum
1185 3388 1379 3444 more,
1411 3368 1582 3430 sicut
1624 3368 2070 3432 existimantur
2081 3376 2125 3447 ⁸¹,
2156 3370 2458 3435 dubitans
2492 3371 2575 3435 de
2618 3376 2825 3436 omni-

608 3468 732 3529 bus
776 3474 969 3551 atque
1012 3468 1177 3531 inter
1220 3468 1437 3531 omnia
1479 3469 1821 3547 fiuctuanS,
1866 3471 2271 3535 Manichaeos
2326 3472 2587 3556 quidem
2632 3476 2825 3536 relin-

609 3566 903 3650 quendos
933 3590 1071 3631 esse
1103 3568 1354 3632 decrevi
1379 3592 1393 3631 τ
1439 3590 1572 3630 11011
1602 3568 1914 3633 arbitrans
1943 3592 2019 3633 eo
2049 3572 2195 3653 ipso
2237 3582 2522 3655 tempore
2568 3573 2823 3638 dubita-

606 3676 802 3738 tionis
849 3698 1008 3739 meae
1057 3678 1128 3740 in
1177 3677 1292 3741 illa
1342 3685 1520 3741 secta
1565 3677 1725 3740 mihi
1768 3680 2271 3760 permanendum
2322 3704 2483 3759 esse,
2533 3683 2641 3745 cui
2682 3684 2823 3767 jam

605 3780 950 3842 nonnullos
987 3779 1414 3862 philosophos
1455 3782 1952 3864 praeponebam3
2000 3783 2237 3865 quibus
2280 3792 2491 3847 tamen
2529 3785 2824 3867 philoso-

671 3996 698 4023 5
732 3992 842 4040 Vid.
869 4007 974 4057 sup.
993 3991 1052 4041 ad
1075 3993 1107 4041 l.
1136 3991 1198 4041 iii.
1223 4007 1266 4041 c.
1290 3994 1337 4041 7.
1360 4009 1407 4059 p.
1425 3994 1504 4041 36.
1562 3994 1674 4041 Irri-
1740 3993 1897 4043 ritos.’'
1942 3996 2069 4060 Aug.
2084 3996 2144 4045 de
2166 3997 2281 4046 Util.
2304 3996 2558 4055 Credendi,
2576 4012 2623 4045 c.
2641 3999 2692 4045 2.
2711 3998 2757 4059 §.
2774 4000 2823 4047 4.

604 4054 732 4103 sione
752 4055 880 4103 foeda
897 4064 1120 4120 tanquam
1137 4055 1322 4121 proprio
1334 4058 1543 4121 quodam
1560 4057 1673 4114 telo,
1742 4064 1776 4085 “
1800 4058 1985 4107 Exstitit
1998 4061 2215 4123 quaedam
2235 4060 2542 4125 perditissima
2560 4070 2692 4109 secta
2712 4064 2824 4109 Ma·

605 4127 767 4166 contra
802 4119 1069 4169 Ecclesiam
1102 4121 1356 4169 utebantur
1391 4122 1444 4168 M
1449 4120 1670 4169 anichaei.
1738 4121 2046 4180 nichaeorum,
2066 4133 2287 4189 acceptas
2315 4125 2581 4189 Scripturas
2601 4134 2653 4173 et
2674 4126 2824 4174 lectas

606 4181 717 4230 Vid.
727 4184 888 4247 sup.§.
907 4185 980 4231 16.
993 4184 1164 4233 et1.iii.
1180 4186 1306 4232 c-lO.
1316 4192 1361 4232 et
1377 4193 1471 4233 not.
1489 4186 1604 4233 ibid.
1628 4193 1674 4234 et
1740 4185 1877 4233 irrisit
1896 4205 1910 4244 ;
1955 4188 2293 4252 reprehendere
2318 4189 2464 4237 voluit
2482 4190 2611 4251 quod
2632 4204 2730 4237 non
2750 4190 2822 4237 in-

603 4245 718 4294 alibi
733 4246 926 4319 passim,
949 4250 1074 4310 quod
1096 4247 1306 4311 reliquiae
1322 4250 1479 4297 Faust.
1513 4258 1563 4296 et
1592 4249 1676 4297 Se-
1739 4249 1996 4313 telligebat,
2018 4260 2065 4299 et
2078 4253 2356 4317 exagitando
2368 4262 2419 4303 et
2434 4252 2822 4317 reprehendendo

603 4310 794 4357 cundmi
816 4310 1136 4361 miserabiliter
1153 4312 1451 4360 confirmant.
1485 4319 1519 4341 “
1545 4312 1675 4361 Bene
1740 4329 1834 4362 non
1856 4314 2111 4375 intellecta,
2129 4317 2302 4365 multos
2322 4315 2648 4381 illaqueavit.”
2686 4318 2813 4382 Aug.

603 4374 739 4427 nosti,
757 4375 884 4438 quod
904 4375 1290 4439 reprehendentes
1312 4376 1577 4423 Manichaei
1598 4392 1677 4424 ca-
1742 4377 1791 4426 in
1819 4377 1896 4426 Ps.
1921 4380 2027 4427 146.

606 4436 828 4485 thelicam
854 4438 1010 4497 fldem,
1032 4448 1082 4487 et
1105 4438 1310 4487 maxime
1335 4440 1400 4487 V.
1422 4441 1481 4487 T.
1504 4440 1678 4488 discer-
1816 4447 1839 4475 ⁸
1867 4443 1985 4493 Vid.
2007 4459 2112 4507 sup.
2134 4444 2197 4491 ad
2220 4444 2259 4505 ς.
2289 4446 2363 4493 19.

605 4509 767 4565 pentes
795 4509 845 4551 et
873 4502 1171 4562 dilaniantes,
1203 4510 1500 4556 commovent
1531 4504 1679 4569 impe·
