3042 5059
605 291 726 344 322

611 443 829 500 Severus,
857 441 1013 490 lanius
1043 437 1425 495 Mediolanensis,
1460 435 1539 486 eui
1566 451 1677 485 cum

671 507 859 556 caecitas
879 505 1131 562 incidisset,
1147 512 1276 553 tacto
1297 503 1464 552 feretro
1481 501 1683 550 Protasii

671 580 719 620 et
779 570 996 620 Gervasii
1066 577 1341 632 martyrum,
1401 566 1681 630 sudarioque

671 636 781 684 inde
797 635 947 684 oculis
965 635 1174 692 admoto,
1189 633 1342 680 visum
1361 632 1551 696 recepit,
1570 632 1682 687 156,

669 709 720 748 et
735 715 782 749 ιι.

613 763 963 830 simplicianus,
1039 758 1412 812 Mediolanensis
1471 758 1683 808 ecclesias

671 829 926 894 presbyter,
977 828 1090 875 125.
1175 823 1368 874 tandem
1417 822 1684 888 episcopus,

677 893 788 949 126,
825 908 874 938 n.
915 892 996 940 ubi
1025 891 1098 966 pl.
1129 890 1190 937 de
1223 905 1296 939 eo.
1357 888 1501 935 Pater
1550 887 1683 952 spiri-

671 957 778 1005 talis
822 955 1076 1008 Ambrosii,
1125 955 1235 1003 126.
1303 951 1577 1000 Consulitur
1619 952 1681 1001 ab

673 1020 952 1080 Augustino,
975 1020 1040 1066 ib.
1077 1017 1390 1072 Victorinum,
1417 1026 1469 1062 ut
1487 1015 1683 1081 publice

671 1085 940 1148 profiteatur
959 1084 1118 1141 fidem,
1140 1081 1348 1143 instigat,
1378 1081 1487 1128 128.

615 1149 822 1197 Societas
845 1149 974 1213 justa
1005 1156 1091 1202 est,
1125 1162 1234 1210 qum
1268 1145 1378 1192 Deo
1409 1143 1567 1198 servit,
1600 1143 1682 1191 39.

672 1212 867 1261 Sodales
886 1212 999 1260 mali
1026 1210 1204 1259 malum
1239 1223 1471 1272 grassans,
1493 1209 1579 1264 25,
1599 1208 1683 1265 26,

671 1279 754 1325 21.
776 1275 1019 1325 societatis
1029 1275 1250 1323 humanae
1261 1271 1479 1336 generale
1491 1279 1683 1337 pactum

671 1351 742 1388 est
762 1340 953 1390 obedire
975 1340 1164 1403 regibus
1183 1337 1296 1394 suis,
1317 1336 1400 1384 37.

604 1405 818 1453 Solitudo
851 1403 1138 1468 poenitentiru
1160 1400 1414 1466 aptissima,
1437 1400 1552 1455 203,
1575 1401 1686 1449 142.

609 1470 720 1516 Soni
741 1469 986 1516 discrimen
1007 1483 1036 1514 a
1057 1475 1222 1521 cantu,
1242 1466 1361 1514 246.

606 1533 991 1595 Spectaculorum
1012 1531 1215 1585 vanitas,
1229 1531 1312 1584 27,
1329 1529 1413 1584 91,
1429 1528 1479 1576 9.
1513 1543 1683 1592 magno

671 1597 720 1644 in
743 1597 936 1652 honore,
956 1595 1044 1643 sub
1066 1589 1210 1658 Aug&
1239 1602 1466 1657 tempora,
1488 1593 1540 1641 9.

607 1661 857 1710 Srrnrrus
890 1661 1124 1708 Sanctus
1151 1657 1321 1706 dicitur
1350 1656 1444 1705 Dei
1469 1656 1683 1712 Donum,

673 1727 874 1782 Munus,
921 1724 1066 1788 ignis,
1110 1724 1274 1779 Amor,
1318 1721 1521 1776 Caritas,
1564 1721 1682 1775 Pax,

673 1791 859 1846 Gratia,
885 1789 1097 1852 Requies
1128 1795 1306 1843 nostra,
1331 1786 1487 1833 Locus
1509 1794 1680 1841 noster,

672 1855 786 1901 254.
831 1853 1018 1902 Dicitur
1047 1867 1106 1900 ea
1136 1851 1292 1899 facere
1322 1849 1372 1896 in
1405 1850 1543 1897 nobis
1606 1863 1680 1896 um

671 1933 756 1982 per
770 1934 879 1966 eum
897 1916 1112 1971 iacimus,
1129 1914 1242 1963 276.
1281 1914 1422 1961 Solus
1437 1929 1563 1988 supe·
1592 1912 1684 1987 erri

671 1998 831 2156 ΞΞΞΞΞ
861 1997 1030 2095 ιὲἕιιῖ·
1057 1979 1685 2106 οῗὲειιῖἰῗιιεῖῗιῒωρῗιῗιιιὲιυιῗ

607 2174 806 2238 Spiritus
835 2173 980 2229 beati,
1001 2174 1169 2220 domus
1192 2171 1305 2229 Dei,
1326 2171 1441 2219 231.
1487 2168 1685 2218 Coelum

673 2238 785 2286 coeli
808 2237 1046 2290 dicuntur,
1069 2236 1132 2284 ib.

607 2301 770 2349 Stellae
790 2301 956 2350 solatia
977 2300 1125 2348 noctis
1145 2307 1272 2354 sunt,
1294 2299 1412 2347 277.

606 2366 856 2431 Superbia,
867 2365 1102 2429 quomodo
1114 2365 1176 2412 ab
1196 2363 1283 2411 illa
1303 2371 1551 2417 tentemur,
1574 2363 1687 2410 197.

673 2429 902 2495 Superbia
921 2429 1149 2478 receditur
1169 2443 1200 2475 a
1220 2429 1346 2484 Deo,
1368 2428 1449 2482 64,
1467 2429 1551 2482 65.
1572 2427 1684 2484 112,

676 2503 724 2542 et
751 2511 801 2544 ιι.
826 2497 939 2549 118,
961 2509 1008 2542 ιι.

608 2560 850 2624 Superbus
881 2573 1016 2606 suam
1053 2564 1182 2604 amat
1213 2555 1488 2605 sententiam
1523 2553 1686 2602 defen-

672 2625 800 2680 dere,
814 2638 907 2671 non
921 2622 1035 2686 quia
1043 2637 1154 2670 vera
1171 2629 1260 2676 est,
1272 2618 1475 2683 sedquia
1489 2634 1577 2667 sua
1592 2626 1680 2674 est,

671 2690 785 2737 242.
837 2687 956 2749 Ejus
977 2701 1114 2734 casus
1139 2686 1283 2737 unde.
1305 2684 1370 2732 ib.
1413 2699 1444 2730 a
1473 2683 1683 2747 superbis

673 2752 810 2864 ἕδους
847 2767 943 2798 non
973 2749 1219 2804 invenitur,
1250 2747 1464 2812 quamvis
1505 2745 1681 2812 peritis,

609 2879 879 2943 Superiores
909 2893 991 2926 seu
1022 2877 1227 2932 Praelati,
1259 2876 1491 2940 quomodo
1523 2891 1683 2940 gerere

673 2959 722 2991 se
773 2944 962 2997 debent,
1005 2942 1120 2989 dum
1175 2951 1410 2996 amantur,
1445 2943 1683 2998 timentur,

675 3007 945 3064 laudantur,
953 3021 1012 3055 ne
1020 3006 1070 3054 in
1079 3005 1310 3069 superbire
1321 3005 1479 3053 vitium
1491 3005 1684 3060 cadant,

680 3073 789 3120 197.
840 3070 1018 3119 Timeri
1045 3070 1168 3118 velle
1201 3071 1262 3118 ab
1293 3068 1561 3117 hominibus
1594 3083 1689 3117 non

676 3144 863 3201 propter
885 3136 1063 3190 Deum,
1081 3135 1208 3182 foeda
1217 3133 1444 3197 jactantia
1463 3141 1552 3189 est,
1578 3134 1689 3182 197.

612 3201 827 3248 Surditas
848 3200 998 3248 cordis
1017 3214 1078 3247 ex
1099 3198 1304 3246 tumultu
1327 3197 1564 3252 vanitatis,
1586 3199 1665 3246 54.

612 3265 892 3330 Symbolum
951 3263 1269 3327 Apostolicum
1324 3261 1690 3311 Catecbumenis

677 3328 902 3376 memoria
920 3327 1176 3375 tenendum
1199 3326 1487 3382 tradebatur,
1513 3327 1620 3381 128,
1634 3341 1682 3373 n.

677 3393 740 3441 ab
762 3392 818 3440 iis
841 3391 1030 3457 publice
1053 3407 1208 3439 coram
1227 3390 1439 3439 fidelibus
1454 3389 1683 3438 recitaba-

677 3457 845 3511 tur,ib.
875 3459 1039 3503 Romae
1055 3471 1166 3503 vero
1178 3455 1352 3503 deloco
1366 3453 1686 3510 eminentiore,

675 3521 741 3568 ib.
775 3521 920 3568 literis
941 3521 992 3568 id
1015 3520 1236 3566 mandare
1259 3518 1557 3584 prohibitum,
1578 3519 1642 3565 ib.

611 3585 925 3647 Symmachus
937 3585 1191 3631 Praefectus
1205 3584 1391 3639 Romae,
1407 3584 1487 3630 79.
1521 3583 1686 3644 Augu.

679 3647 1008 3695 Mediolanum
1065 3645 1205 3694 mittit
1255 3645 1527 3709 profitendae
1580 3645 1686 3694 rhe-

676 3711 841 3759 torices
860 3711 1027 3772 gratia.
1047 3710 1108 3756 ib.

613 3778 825 3839 Synaxes
863 3775 914 3822 in
958 3773 1120 3822 Africa
1164 3773 1224 3820 ad
1269 3773 1513 3820 memorias
1546 3774 1681 3819 Mar-

678 3849 851 3903 tyrum,
896 3841 977 3887 83.
1053 3839 1214 3894 Quare
1269 3845 1395 3884 vetat
1438 3836 1545 3884 illas
1586 3836 1682 3884 fieri

681 3904 974 3961 Ambrosius,
995 3903 1064 3951 ib.
1087 3902 1181 3951 vid.
1205 3903 1286 3959 84,
1309 3917 1358 3948 ιι.

1122 4163 1178 4210 T.

609 4290 940 4359 Temperantia
971 4291 1113 4339 animi
1145 4305 1278 4340 suam
1301 4289 1536 4339 inscitiam
1573 4304 1682 4338 con·

675 4357 848 4407 fitentis
901 4356 1139 4420 pulchrior
1185 4362 1256 4405 est
1300 4369 1440 4416 quarn
1491 4353 1686 4404 seientia

675 4439 846 4478 rerum,
871 4423 952 4469 70.

1548 275 1871 338 INDEX.

1742 437 2093 502 Temporalium
2142 453 2295 495 amor,
2348 438 2539 487 nonnisi
2590 438 2817 486 suavitate

1808 511 2091 551 eternorum
2110 512 2429 568 expugnatur,
2457 504 2536 556 13.
2558 518 2605 549 ιι.
2637 504 2745 549 145.

1743 565 1952 631 Tempus
1980 567 2097 631 quid
2129 568 2209 627 sit,
2240 569 2441 616 difficilis
2472 567 2693 631 quaestio,
2714 569 2821 615 213.

1808 629 2225 695 implicatissimum
2258 633 2487 694 aenigma,
2518 633 2638 680 218.
2694 631 2823 688 Solis,

1808 693 1958 751 luuae,
2000 706 2051 743 et
2094 695 2299 744 siderum
2356 707 2514 745 motus
2571 711 2671 744 non
2720 704 2823 744 suut

1811 766 2039 824 tempora,
2058 762 2175 809 219.

1746 822 1957 888 Tempus
1996 839 2091 872 non
2132 833 2205 873 est
2245 825 2454 889 corporis
2496 832 2679 882 motus,
2718 824 2825 872 220.

1812 887 1907 935 Sed
1945 903 2041 952 quo
2080 889 2302 938 metimur
2340 897 2520 937 motum
2560 903 2825 954 corporum.

1812 953 1929 1000 220.
1978 953 2061 1000 Est
2078 953 2312 1008 distentio,
2332 953 2401 1001 ib.
2422 955 2540 1002 221.
2582 955 2673 1002 sed
2694 954 2826 1016 cujus

1818 1015 1907 1063 rei!
1926 1033 2041 1065 num
2055 1017 2219 1075 animi,
2232 1016 2297 1065 ib.
2326 1018 2573 1083 Temporis
2586 1033 2824 1075 mensura,

1812 1079 1928 1128 223.
1972 1081 2225 1139 Quomodo
2256 1091 2447 1146 tempus
2478 1082 2623 1130 liceat
2654 1082 2824 1138 metiri,

1810 1144 1926 1192 218.
1979 1145 2189 1210 Tempus
2210 1147 2517 1211 preteritum,
2537 1162 2763 1213 presens.
2782 1155 2828 1194 et

1810 1206 2037 1265 futurum,
2058 1211 2175 1258 217.
2217 1211 2335 1258 Tria
2362 1210 2549 1275 proprie
2580 1227 2677 1259 ιιοιι
2697 1219 2825 1265 sunt.

1810 1271 1876 1321 ib.
1920 1271 2211 1322 Differentiae
2246 1275 2466 1339 temporis
2482 1275 2729 1338 quomodo
2748 1290 2827 1322 no-

1811 1337 2068 1393 minandae,
2098 1339 2166 1386 ib.
2203 1339 2505 1387 Praeteritum
2540 1349 2752 1404 tempus,
2784 1349 2830 1387 et

1810 1399 2019 1449 futurum
2035 1404 2271 1466 quomodo
2286 1402 2347 1450 sit
2361 1403 2555 1465 longum
2570 1412 2655 1452 aut
2672 1405 2829 1460 breve,

1812 1465 1929 1514 223.
1990 1466 2195 1514 Nullum
2228 1476 2413 1530 tempus
2450 1467 2553 1516 siue
2594 1477 2829 1525 erenum,

1813 1530 1931 1587 212,
1952 1532 2068 1586 225,
2090 1541 2139 1579 et
2156 1546 2206 1580 n.

1746 1591 1978 1642 Tenebrae
2028 1596 2162 1658 quid,
2204 1596 2321 1643 227.
2376 1604 2391 1624 ‘
2416 1597 2650 1644 Tenebrae
2687 1613 2832 1662 super

1814 1657 2073 1721 abyssum,’
2102 1659 2170 1708 ib.
2196 1661 2313 1708 237.
2352 1660 2677 1708 Tenebrasum
2694 1671 2831 1708 antra

1812 1723 2437 1837 Ἠὲἶῗέιῗὲοῗᾞῗῗὸἳ
2446 1740 2549 1772 “““
2592 1740 2713 1790 '³⁸¹¹’
2754 1740 2833 1792 ap·

1747 1850 2081 1900 Tentationum
2119 1852 2208 1900 tria
2242 1867 2435 1913 genera,
2476 1854 2593 1910 188,
2628 1869 2680 1900 ιι.
2722 1853 2831 1911 198,

1812 1916 1929 1964 201.
1961 1916 2197 1979 quomodo
2224 1916 2451 1966 adversus
2468 1933 2529 1966 ea
2550 1933 2587 1982 p
2721 1919 2833 1966 verit

1814 1979 1941 2053 Aug.
1996 1996 2065 2028 sc.
2128 1981 2433 2044 voluptatem,
2489 1981 2832 2046 (187—194.)

1811 2044 2144 2101 curiositatem,
2164 2046 2501 2108 (194-197.)
2540 2046 2833 2110 superbiam,

1816 2107 2150 2170 (197—201.)
2192 2109 2379 2166 Quibus
2398 2111 2742 2160 tentationibus
2764 2126 2833 2159 re-

1812 2172 1970 2220 sistere
1985 2173 2213 2230 valemus,
2226 2174 2455 2236 quibusve
2476 2190 2574 2222 non
2597 2176 2833 2230 valemus,

1815 2236 2065 2295 nescimus,
2093 2238 2201 2286 171.
2236 2238 2455 2292 maxime,
2490 2237 2647 2288 donec
2680 2248 2833 2289 tente-

1817 2315 1939 2356 mur,
1966 2303 2077 2359 192,
2102 2310 2151 2349 et
2171 2319 2219 2350 n.
2251 2303 2359 2360 198,
2380 2311 2429 2350 et
2450 2319 2498 2350 n.

1750 2364 1997 2414 Terentius
2037 2374 2195 2429 poeta.
2255 2365 2316 2414 In
2356 2366 2459 2430 ejus
2498 2369 2628 2415 Eun.
2674 2369 2742 2416 iii.
2786 2373 2833 2418 5.

1814 2429 2046 2477 invehitur
2067 2430 2195 2493 Aug.
2220 2431 2301 2477 14.
2348 2431 2448 2478 Cit.
2474 2441 2526 2479 et
2551 2434 2666 2480 185.

1750 2491 2073 2552 Thagastense
2090 2493 2395 2568 municipium
2420 2494 2550 2560 Aug.
2565 2496 2739 2562 patria,
2752 2499 2835 2547 20.

1813 2556 1896 2604 ubi
1917 2557 1955 2605 is
1974 2555 2141 2606 docere
2160 2568 2325 2622 coeprt,
2348 2560 2431 2609 49.

1748 2620 1923 2669 Tobias
1962 2637 2121 2670 coecus
2160 2622 2257 2671 filio
2308 2637 2395 2670 suo
2446 2622 2661 2671 caritatis
2710 2627 2833 2690 pede

1811 2685 2025 2750 praeibat,
2053 2687 2161 2736 193.

1747 2749 1961 2804 Treveri,
1987 2751 2097 2799 135.

1747 2813 1993 2862 Trinitatis
2008 2815 2279 2878 mysterium
2291 2815 2342 2863 iu
2356 2815 2533 2865 Genesi
2545 2816 2832 2874 insinuatur,

1813 2880 1929 2934 252,
1962 2880 2079 2927 268.
2135 2880 2361 2941 Symbola
2390 2880 2634 2930 Trinitatis
2665 2881 2717 2929 in
2750 2880 2834 2930 ho-

1812 2942 1955 3000 mine,
1977 2945 2094 2997 255.
2121 2952 2170 2991 et
2192 2959 2242 2991 n.

1752 3007 1939 3118 Τιιηὲσω
1956 3009 2157 3068 pellicere
2188 3008 2520 3059 mortalitatem
2542 3007 2830 3074 significant,

1822 3074 1842 3120 l
1882 3075 1931 3131 0,
1952 3081 2000 3120 et
2022 3088 2072 3120 ιι.
2096 3073 2212 3122 259.

2260 3267 2325 3315 V.

1750 3394 1875 3442 Vela
1905 3393 2316 3458 grammaticarum
2354 3393 2624 3442 scholarum
2660 3393 2832 3441 limini-

1818 3457 1905 3506 bus
1926 3473 2137 3522 appensa
2158 3458 2272 3522 quid
2292 3457 2578 3520 significent,
2600 3459 2680 3506 12.

1754 3523 1935 3570 Ventos
1986 3535 2195 3587 pascere,
2234 3521 2284 3570 id
2324 3531 2398 3572 est
2435 3523 2696 3578 doemones,
2741 3529 2830 3577 est,

1814 3587 2011 3698 er7rando
2044 3585 2115 3634 eis
2150 3601 2251 3634 esse
2287 3585 2520 3651 voluptati
2555 3594 2603 3635 et
2639 3584 2829 3641 derisui,

1752 3715 1961 3762 Verbum
1994 3714 2130 3761 Deus
2166 3713 2295 3778 apud
2330 3714 2510 3770 Deum,
2544 3713 2829 3778 sempiterne

1808 3778 1997 3836 dicitur,
2007 3786 2055 3826 et
2068 3793 2126 3826 eo
2135 3778 2413 3842 sempiterne
2424 3778 2647 3826 dicuntur
2654 3793 2730 3825 om
2736 3777 2831 3832 nia,

1811 3845 1927 3892 210.
1969 3844 2139 3907 Ipsum
2154 3850 2229 3890 est
2242 3841 2525 3907 principium
2542 3849 2592 3890 et
2608 3842 2830 3904 magister

1811 3922 1908 3969 quo
1939 3907 2066 3954 intus
2096 3907 2321 3954 docemur
2353 3921 2543 3954 omnem
2564 3905 2829 3960 veritatem,

1812 3971 1877 4019 ib.
1921 3972 2132 4019 Verbum
2168 3971 2265 4019 Dei
2297 3972 2347 4018 in
2380 3986 2431 4019 se
2465 3979 2713 4035 permanet
2730 3969 2832 4018 sine

1816 4042 2043 4084 vetustate
2066 4043 2113 4084 et
2138 4035 2335 4083 innovat
2366 4037 2544 4093 omnia,
2573 4035 2685 4083 161.
2722 4034 2833 4083 fons

1816 4108 1886 4148 est
1906 4099 2011 4146 vitae
2035 4108 2243 4154 aeternae,
2266 4101 2383 4148 267.

1756 4162 2067 4213 Verecundus
2088 4164 2455 4214 Mediolanensis
2470 4163 2587 4212 civis
2604 4170 2654 4212 et

1814 4228 2031 4284 maticus,
2047 4230 2199 4293 Aug⁰.
2212 4228 2289 4293 eju
2348 4245 2407 4278 ue
2419 4227 2559 4277 sociis
2568 4227 2833 4278 familiaris-

1814 4292 1972 4346 simus,
2010 4294 2115 4341 133.
2173 4293 2321 4342 Nebri
2356 4293 2450 4342 ium
2482 4291 2748 4356 adjutorem
2780 4291 2832 4338 in

1815 4357 2015 4405 docendi
2046 4357 2197 4406 officio
2228 4357 2425 4421 flagitat,
2452 4357 2519 4406 ib.
2574 4356 2738 4418 Aug0.
2770 4355 2831 4403 de

1816 4421 1992 4471 saeculo
2014 4420 2209 4485 fugienti
2226 4437 2335 4471 cum
2356 4421 2487 4471 sociis
2506 4419 2731 4470 concedit
2751 4433 2832 4469 rus
