3042 5059
715 367 1436 433 CONFESSIONUM
1481 371 1769 436 LIBER
1810 370 1970 436 XII.
2320 377 2445 436 285

231 541 490 605 semper
521 521 734 586 videre
771 543 891 587 nec
930 524 1185 607 uspiam
1222 523 1585 589 deflectitur
1620 528 1703 590 ab
1745 548 1841 604 ea,
1873 549 2002 610 quo
2043 526 2121 590 fit
2160 535 2233 590 ut
2268 527 2447 590 nulla

229 622 588 686 mutatione
610 625 912 702 varietur3
955 626 1126 689 inest
1153 626 1213 688 ei
1242 634 1454 690 tamen
1481 627 1628 710 ipsa
1646 626 2039 692 mutabilitas
2068 627 2239 690 unde
2268 636 2445 691 tene·

228 725 556 788 bresceret
583 734 650 788 et
675 727 1064 806 frigesceret,
1093 727 1221 789 nisi
1251 747 1464 790 amore
1507 727 1729 808 grandi
1766 728 1886 791 tibi
1925 729 2274 806 cohaerenS,
2302 737 2441 792 tan-

229 847 430 909 quam
476 847 726 910 semper
765 827 1065 889 meridies
1112 828 1356 890 luceret
1399 836 1465 890 et
1505 829 1774 891 ferveret
1814 849 1899 890 ex
1944 837 2025 890 te.
2117 829 2175 891 Ο
2218 828 2445 892 domus
2460 843 2679 906 Pa26,8.

226 927 554 991 luminosa
581 936 647 990 et
675 929 991 1011 speciosa,
1019 928 1227 990 dilexi
1267 928 1557 992 decorem
1598 936 1807 1006 tuum,
1836 937 1902 991 et
1940 931 2147 991 locum
2184 929 2441 992 habita-

228 1030 429 1090 tionis
459 1031 678 1110 ylon'oe
709 1029 976 1091 Domini
1003 1029 1132 1091 mei
1159 1029 1560 1094 fabricatoris
1601 1038 1667 1093 et
1701 1029 2089 1113 possessoris
2118 1027 2241 1092 tui!
2288 1031 2442 1094 Tibi

227 1127 555 1213 suspiret*
595 1130 1024 1214 peregrinatio
1062 1150 1208 1194 mea
1225 1153 1242 1208 ;
1288 1141 1354 1194 et
1393 1131 1541 1195 dico
1572 1132 1632 1193 ei
1664 1131 1777 1214 qui
1820 1130 1974 1194 fecit
2010 1138 2095 1207 te,
2124 1139 2197 1195 ut
2232 1131 2439 1213 possi·

225 1229 383 1294 deat
411 1240 477 1294 et
502 1253 606 1294 me
633 1233 702 1294 in
731 1240 818 1309 te,
849 1231 1004 1315 quia
1029 1231 1185 1294 fecit
1214 1239 1280 1294 et
1303 1253 1426 1294 me.
1502 1233 1751 1295 Ermvi
1776 1235 1948 1295 sicut
1975 1233 2105 1294 ovis
2119 1232 2389 1312 perdita
2409 1259 2432 1304 ;
2455 1240 2538 1288 Pa.
2564 1243 2674 1298 118.

225 1333 347 1396 sed
374 1335 448 1395 in
478 1336 766 1397 humeris
783 1336 1069 1415 pastoris
1096 1336 1246 1412 mei,
1277 1337 1605 1399 structoris
1632 1336 1748 1413 tui,
1772 1356 1957 1418 spero
1984 1356 2089 1398 me
2115 1339 2441 1417 reportari
2454 1306 2570 1432 ΕΞ
2596 1385 2673 1443 15,

223 1434 368 1498 tibi.
1661 1476 1663 1478 ψ
2452 1449 2498 1494 5.

316 1542 423 1599 22.
470 1537 645 1609 Quid
683 1534 899 1600 dicitis
939 1537 1100 1599 mihi
1140 1558 1305 1622 quos
1348 1538 1723 1622 alloquebar
1764 1537 2282 1616 contradictores,
2324 1540 2439 1623 qui

220 1645 444 1700 tamen
491 1645 554 1700 et
595 1638 875 1720 Moysen
916 1637 1098 1720 pium
1139 1638 1448 1702 famulum
1479 1639 1626 1717 Dei,
1658 1649 1723 1703 et
1757 1642 1956 1705 libros
1994 1640 2133 1725 ejus
2181 1643 2440 1704 oracula

221 1738 434 1802 sancti
467 1737 744 1820 Spiritus
779 1736 1082 1801 creditis?
1158 1739 1364 1802 Estne
1405 1739 1531 1802 ista
1559 1739 1785 1804 domus
1822 1741 1972 1817 Dei,
2004 1763 2136 1804 non
2175 1741 2437 1825 quidem

221 1842 372 1904 Deo
404 1849 740 1919 coaetema,
773 1839 886 1903 sed
914 1853 1129 1904 tamen
1163 1839 1516 1905 secundum
1557 1842 1820 1906 modum
1864 1864 2049 1906 suum
2084 1852 2327 1907 oetema
2362 1847 2435 1908 in

216 1945 418 2019 coelis,
447 1941 560 2005 ubi
590 1942 762 2006 vices
792 1949 1148 2024 temporum
1183 1941 1419 2005 frustra
1461 1943 1767 2026 quaeritiS‚
1798 1945 1953 2028 quia
1984 1965 2116 2006 non
2152 1944 2435 2008 invenie·

219 2043 351 2107 tis?
402 2043 874 2127 supergreditur
914 2044 1086 2106 enim
1132 2064 1386 2106 omnem
1435 2041 1907 2121 distentionem,
1950 2051 2016 2106 et
2058 2065 2245 2107 omne
2288 2065 2431 2127 spa»

216 2144 386 2206 tium
439 2145 645 2210 aetatis
687 2145 991 2223 volubile,
1037 2145 1143 2208 cui
1194 2165 1445 2227 semper
1489 2146 1807 2207 inhaerere
1851 2147 1992 2208 Deo
2043 2144 2273 2207 bonum
2317 2153 2429 2207 est.
2448 2151 2529 2200 Ps.
2552 2153 2635 2208 62,

216 2248 260 2278 “
284 2247 468 2324 Est,’'
485 2246 804 2330 inquiunt.
853 2244 1028 2319 Quid
1055 2245 1252 2325 igitur
1271 2265 1356 2308 ex
1384 2245 1466 2307 iis
1484 2267 1631 2328 quae
1655 2244 1955 2308 clamavit
1974 2266 2085 2308 cor
2104 2267 2319 2308 meum
2348 2244 2432 2308 ad
2446 2217 2528 2264 ²⁸⁶

218 2349 437 2411 Deum
479 2369 715 2425 meum,
760 2368 907 2410 cum
950 2347 1212 2408 audiret
1255 2345 1522 2408 interius
1565 2366 1774 2408 vocem
1817 2345 2036 2408 laudis
2072 2347 2233 2429 ejus,
2271 2346 2431 2431 quid

213 2449 480 2513 tandem
519 2450 752 2512 salsum
785 2469 926 2512 esse
969 2445 1400 2511 contenditis?
1476 2448 1581 2508 An
1611 2447 1766 2528 quia
1794 2454 1929 2509 erat
1962 2446 2251 2509 informis
2291 2470 2424 2511 ma-

211 2551 432 2628 teries,
483 2551 596 2613 ubi
651 2558 914 2634 propter
966 2550 1211 2612 nullam
1267 2549 1538 2610 formam
1595 2547 1811 2609 nullus
1867 2545 2022 2609 ordo
2068 2555 2238 2624 erat3
2310 2548 2424 2610 ubi

211 2660 434 2716 autem
461 2655 680 2718 nullus
709 2653 864 2716 ordo
901 2660 1054 2728 erat,
1080 2653 1260 2714 nulla
1300 2671 1438 2714 esse
1471 2647 1845 2712 vicissitudo
1888 2656 2245 2732 temporum
2279 2660 2423 2733 pot-

213 2762 394 2831 erat3
439 2762 506 2817 et
542 2763 756 2817 tamen
786 2753 913 2817 hoc
951 2773 1118 2835 pene
1144 2752 1328 2828 nihil,
1356 2751 1740 2835 inquantum
1782 2771 1912 2813 non
1956 2750 2216 2814 omnino
2258 2751 2424 2814 nihil

211 2868 372 2937 erat,
403 2860 483 2923 ab
514 2860 627 2922 illo
671 2859 894 2941 utique
939 2865 1074 2921 erat
1099 2878 1140 2920 a
1167 2878 1297 2941 quo
1327 2864 1425 2918 est
1465 2855 1782 2940 quidquid
1820 2863 1937 2932 est,
1968 2855 2144 2940 quod
2174 2865 2421 2919 utcum-

213 2982 345 3045 que
376 2959 622 3044 aliquid
653 2958 794 3023 est?
840 2959 882 2992 “
915 2960 1065 3022 Hoc
1097 2957 1413 3042 quoque,”
1443 2956 1641 3032 aiunt,
1672 2959 1711 2989 “
1742 2978 1875 3019 non
1902 2957 2268 3036 negamus.''

303 3065 408 3124 23.
456 3061 622 3124 Cum
665 3061 769 3122 his
813 3060 987 3122 enim
1027 3060 1175 3121 volo
1217 3078 1432 3121 coram
1482 3067 1544 3119 te
1594 3056 1838 3140 aliquid
1889 3055 2194 3139 colloqui,
2239 3058 2417 3121 Deus
2477 3070 2620 3119 XVI.

207 3184 419 3239 meus,
467 3163 577 3246 qui
623 3164 765 3225 haec
815 3161 1050 3238 omnia,
1097 3183 1244 3245 quae
1291 3159 1470 3222 intus
1514 3159 1583 3220 in
1628 3165 1840 3221 mente
1884 3180 2028 3221 mea
2070 3179 2201 3220 non
2248 3167 2419 3222 tacet
2433 3133 2658 3247 ξξῖῖἓζῇ

208 3263 448 3326 veritas
498 3271 628 3342 tua,
680 3284 827 3326 vera
878 3283 1018 3325 esse
1068 3256 1490 3325 concedunt*.
1582 3261 1753 3322 Nam
1805 3259 1919 3342 qui
1966 3259 2108 3321 haec
2158 3268 2417 3339 negant,
2432 3263 2535 3337 gult
2549 3278 2658 3337 epm

208 3366 447 3428 latrent
495 3375 803 3448 quantum
851 3365 1076 3426 volunt
1124 3371 1189 3426 et
1236 3363 1611 3444 obstrepant
1662 3360 1823 3437 sibi3
1883 3359 2263 3442 persuadere
2310 3382 2416 3424 co-
2433 3342 2617 3440 ἓξὲξ.

208 3468 419 3530 nabor
446 3475 519 3529 ut
548 3467 904 3550 quiescant,
935 3475 999 3528 et
1026 3466 1195 3528 viam
1228 3465 1560 3547 praebeant
1593 3462 1676 3526 ad
1710 3483 1777 3525 se
1812 3463 2004 3525 verbo
2045 3471 2193 3524 tuo:
2243 3462 2416 3546 quod
2434 3454 2615 3568 ξὲξιῑξὲξί

210 3568 267 3630 si
318 3569 640 3631 noluerint
689 3575 755 3630 et
803 3565 1150 3649 repulerint
1195 3586 1334 3640 me3
1403 3565 1692 3641 obsecro,
1744 3563 1925 3626 Deus
1973 3584 2175 3639 meuS‚
2218 3585 2301 3626 ne
2347 3571 2621 3632 tudivinoe.

207 3671 402 3732 silea-3
429 3692 472 3732 a
501 3690 622 3732 me.
712 3669 817 3730 Tu
849 3669 1111 3750 loquere
1140 3666 1208 3727 in
1241 3664 1430 3728 corde
1466 3685 1611 3727 meo
1654 3664 1955 3728 veraciter
1973 3688 1990 3741 3
2044 3665 2217 3726 solus
2246 3664 2417 3726 enim
2435 3692 2654 3748 Ps.27,1.

206 3769 304 3833 sic
352 3769 674 3853 loqueris3
741 3778 806 3832 et
850 3767 1161 3830 dimittam
1207 3787 1318 3828 eos
1363 3765 1518 3828 foris
1571 3765 1901 3827 sufflantes
1949 3766 2020 3827 in
2068 3766 2416 3848 pulverem,

207 3879 274 3933 et
323 3871 682 3935 excitantes
739 3879 967 3933 terram
1017 3869 1087 3930 in
1137 3868 1358 3931 oculos
1409 3888 1602 3943 suos3
1678 3873 1743 3928 et
1799 3868 2037 3927 intrem
2089 3867 2161 3926 in
2208 3865 2417 3929 cubile

203 3993 446 4050 meum,
475 3979 539 4035 et
567 3981 815 4036 cantem
844 3971 968 4033 tibi
997 3969 1322 4044 amatoria,
1353 3988 1613 4048 gemens
1649 3965 2105 4028 inenarrabiles
2144 3966 2417 4044 gemitus

203 4073 272 4136 in
301 4074 814 4156 peregrinatione
841 4093 1006 4149 mea,
1035 4078 1100 4134 et
1124 4068 1464 4132 recordans
1489 4065 1864 4142 Jerusalem,
1884 4072 2147 4127 extento
2174 4064 2242 4125 in
2272 4085 2413 4128 eam

204 4195 461 4236 sursum
505 4173 716 4250 corde,
754 4173 1109 4237 Jerusalem
1151 4169 1423 4253 patriam
1467 4188 1696 4244 meam,
1729 4167 2093 4230 Jerusalem
2138 4173 2413 4227 matrem

199 4296 436 4352 meam,
487 4285 680 4358 teque
733 4295 924 4357 super
973 4294 1113 4336 eam
1161 4278 1581 4352 regnatorem,
1628 4269 2097 4342 illustratorem,
2146 4272 2416 4348 patrem,

202 4383 502 4453 tutorem,
539 4375 859 4454 maritum,-
893 4384 1103 4456 castas
1149 4381 1215 4436 et
1259 4373 1452 4436 sortes
1499 4369 1784 4446 delicias,
1825 4377 1891 4431 et
1936 4366 2210 4431 solidum
2260 4388 2413 4447 gau-

203 4477 408 4556 dium,
457 4485 521 4541 et
567 4478 784 4541 omnia
830 4479 1004 4541 bona
1051 4473 1405 4539 ineffabilia
1456 4472 1643 4536 simul
1695 4471 1949 4548 omnia3
2013 4468 2167 4552 quia
2214 4489 2413 4531 unum
