3042 5059
720 785 764 833 χ

847 906 1148 981 LIBER
1199 856 1709 993 QUARTUS.

168 1106 346 1157 Pudet
371 1123 430 1158 se
455 1106 877 1158 Manichaeorum
905 1114 1068 1160 sectae
1091 1108 1359 1161 addictum
1384 1109 1551 1160 fuisse
1575 1126 1671 1177 per
1694 1108 2036 1171 novennium,
2061 1116 2218 1177 atque
2250 1109 2383 1164 alios

243 1211 432 1246 secum
457 1193 514 1244 in
539 1193 785 1245 eumdem
809 1211 1041 1245 errorem
1079 1196 1426 1263 ρει-1111318305
1479 1202 1593 1246 111111
1630 1195 1791 1247 etiam
1822 1195 2150 1247 consuluisse
2183 1197 2386 1248 matbe-

241 1281 500 1333 maticos:
563 1288 620 1332 et
655 1282 883 1332 amicum
927 1282 1026 1333 sibi
1076 1284 1280 1335 interea
1327 1290 1498 1334 morte
1547 1289 1893 1351 praereptum,
1929 1282 2186 1334 acerbiori
2222 1300 2382 1351 quam

243 1381 462 1434 oequum
494 1374 639 1419 esset
665 1367 827 1418 animi
866 1367 1044 1419 dolore
1076 1368 1242 1419 fuisse
1267 1375 1643 1438 prosecutum3
1681 1368 1833 1436 cujus
1870 1368 2137 1437 insignem
2170 1384 2389 1420 conver·

243 1453 452 1505 sionem
479 1460 758 1515 memorat,
782 1461 838 1505 et
861 1453 1046 1506 mortis
1071 1454 1186 1522 ejus
1212 1455 1509 1516 occasione,
1536 1456 1602 1505 de
1626 1470 1761 1507 vana
1784 1461 1839 1505 et
1863 1455 1929 1507 de
1954 1454 2125 1507 solida
2150 1454 2387 1507 amicitia

243 1546 299 1590 et
335 1556 498 1607 quam
534 1540 674 1591 fluxa
710 1540 816 1591 sint
851 1548 906 1591 et
944 1541 1144 1593 caduca
1177 1547 1388 1592 terrena
1425 1540 1623 1603 omnia,
1648 1539 1893 1609 pluribus
1930 1541 2160 1593 disserit.
2234 1542 2388 1593 Men-

244 1626 450 1677 tionem
487 1626 620 1677 facit
653 1625 908 1677 librorum
946 1626 1012 1678 de
1046 1625 1274 1678 Pulchro
1306 1633 1360 1677 et
1393 1628 1557 1694 Apto,
1594 1643 1627 1678 a
1661 1643 1719 1677 se
1750 1643 1888 1678 anno
1917 1628 2091 1678 aetatis
2129 1627 2393 1697 vigesimo

245 1720 398 1763 sexto
425 1720 520 1764 aut
542 1712 801 1781 vigesimo
827 1711 1054 1781 septimo
1080 1712 1535 1781 conscriptor-unu
1585 1729 1791 1764 necnon
1815 1730 1973 1780 quam
1998 1712 2141 1765 facili
2170 1713 2384 1783 negotio

243 1798 548 1850 liberalium
573 1798 765 1849 artium
789 1798 951 1849 libros
977 1806 1134 1865 atque
1157 1798 1462 1851 Aristotelis
1488 1798 1823 1867 categorias,
1851 1815 1989 1850 anno
2013 1799 2187 1851 aetatis
2212 1798 2381 1849 ferme

239 1882 526 1953 vigesimo,
551 1900 647 1953 per
671 1900 788 1935 sese
812 1883 1150 1935 intellexerit.

265 2054 322 2113 1.
383 2051 508 2115 Per
561 2050 734 2114 idem
789 2059 1042 2133 tempus
1099 2072 1408 2115 annorum
1453 2040 1718 2127 novem,
1762 2050 1845 2112 ab
1904 2047 2387 2131 undevigesimo
2490 2056 2535 2105 1.

173 2174 348 2216 anno
398 2153 607 2216 aetatis
648 2174 830 2229 meae,
873 2174 1078 2236 usque
1123 2152 1206 2216 ad
1248 2151 1882 2233 duodetrigesimum,
1926 2149 2388 2216 seducebamur
2402 2123 2587 2235 35:¹2⁸ss

173 2261 241 2316 et
273 2254 766 2331 seducebamus,
801 2253 948 2316 salsi
988 2260 1182 2336 atque
1218 2253 1510 2317 fallentes
1551 2252 1621 2314 in
1658 2252 1851 2315 variis
1889 2252 2385 2339 cupiditatibus3
2404 2266 2609 2365 3⁰32}

173 2364 240 2419 et
275 2356 498 2438 palam
539 2375 656 2438 per
692 2354 1016 2419 doctrinas
1055 2376 1216 2437 quas
1247 2354 1545 2417 liberales
1582 2363 1839 2431 vocant,
1879 2355 2129 2418 occulte
2174 2363 2385 2419 autem
2405 2381 2575 2429 sedux-

171 2456 340 2519 falso
378 2456 640 2519 nomine
680 2456 1025 2537 religionis.
1115 2456 1250 2519 Hic
1292 2454 1575 2539 superbi,
1619 2454 1711 2517 ibi
1756 2456 2202 2539 superstitiosi,
2244 2456 2387 2518 ubi·
2405 2445 2508 2495 “³‘-

175 2579 306 2641 que
334 2558 506 2621 vani.
595 2559 745 2620 Hac
774 2557 1106 2641 popularis
1145 2556 1362 2638 gloriae
1401 2564 1719 2619 sectantes
1758 2557 2155 2635 inanitatem,
2184 2579 2389 2641 usque

175 2660 259 2722 ad
305 2660 654 2723 theatricos
695 2660 983 2742 plausuS,
1027 2666 1092 2721 et
1148 2659 1549 2723 contentiosa
1606 2659 1889 2725 carmina
1898 2657 1951 2737 ⁶,
1996 2668 2063 2723 et
2118 2681 2390 2743 agonem

176 2783 558 2825 coronarum
590 2761 934 2840 fenearum,
965 2767 1030 2823 et
1057 2762 1569 2846 spectaculorum
1605 2782 1833 2842 nugas,
1864 2770 1929 2825 et
1961 2760 2389 2844 intemperan-

175 2866 334 2929 tiam
377 2864 751 2929 libidinum:
827 2865 977 2930 illac
1022 2874 1234 2929 autem
1277 2864 1541 2948 purgari
1582 2885 1703 2927 nos
1754 2866 1835 2927 ab
1893 2864 2035 2928 istis
2094 2865 2389 2928 sordibus

177 2974 586 3049 expetenteS,
630 2987 776 3029 cum
818 2966 913 3029 eis
952 2966 1065 3050 qui
1103 2967 1575 3049 appellarentur
1618 2965 1805 3054 electi
1845 2972 1911 3029 et
1950 2966 2177 3043 sancti,
2206 2968 2387 3029 affer-

176 3090 391 3131 remus
421 3089 626 3143 escas,
653 3066 735 3129 de
766 3066 1004 3150 quibus
1032 3066 1222 3130 nobis
1249 3067 1318 3129 in
1353 3067 1647 3129 officina·
1676 3066 2023 3150 aqualiculi
2060 3067 2161 3130 sui
2196 3066 2388 3130 fabri-

179 3182 400 3233 carent
427 3171 694 3250 angelos
720 3176 786 3231 et
813 3167 968 3232 deos
994 3189 1111 3253 per
1139 3189 1304 3251 quos
1331 3167 1803 3245 liberaremur¹‘;
1848 3176 1915 3231 et
1950 3169 2240 3231 sectabar
2264 3167 2391 3231 ista

177 3280 374 3355 atque
416 3271 732 3334 faciebam
762 3291 908 3332 cum
938 3269 1162 3333 amicis
1188 3268 1371 3346 meis,
1400 3290 1518 3353 per
1544 3290 1646 3333 me
1676 3290 1753 3332 ac
1791 3290 2042 3333 mecum
2081 3269 2386 3352 deceptis,

179 3373 502 3436 Irrideant
543 3393 647 3435 me
690 3378 1082 3453 arrogantes,
1126 3377 1192 3434 et
1232 3369 1521 3433 nondum
1579 3370 1914 3434 salubriter
1968 3371 2265 3453 prostrati
2324 3378 2390 3434 et

241 3608 266 3636 ²
303 3602 563 3651 Officinam
625 3600 882 3667 aqualiculi
947 3600 1105 3658 vestri,
1167 3599 1248 3648 ubi
1315 3597 1553 3647 radicibus
1572 3598 1665 3647 fixa
1682 3606 1794 3647 sunt
1816 3606 1957 3662 atque
1976 3598 2165 3647 aluntur
2184 3597 2231 3646 in
2248 3606 2389 3645 terra.

113 3710 117 3715 .
178 3668 341 3716 Deum
384 3676 592 3717 vestrum
626 3668 707 3716 1110
742 3666 905 3732 praelio
938 3666 1250 3721 confractum,
1317 3662 1405 3726 (de
1421 3664 1576 3713 Haer.)
1600 3664 1753 3713 Poma
1773 3663 1863 3727 ipsi
1877 3678 1970 3712 non
1994 3662 2261 3727 decerpitis,
2282 3662 2386 3709 her·

175 3732 433 3781 reformare
457 3731 665 3797 possetis.
697 3747 740 3780 c.
767 3732 931 3779 Faust.
951 3729 1012 3778 vi.
1035 3732 1083 3778 4.
1314 3727 1520 3792 bamque
1544 3744 1635 3776 non
1662 3728 1850 3784 vellitis,
1874 3728 1957 3776 sed
1982 3739 2139 3775 tamen
2163 3728 2224 3775 ab
2250 3725 2387 3774 audi-

230 3797 258 3834 b
279 3798 396 3846 Suis
407 3796 720 3845 Auditoribus
733 3794 840 3843 ideo
855 3795 958 3842 hec
975 3790 1251 3859 (homicidia
1316 3792 1495 3840 toribus
1536 3792 1700 3841 vestris
1734 3792 1923 3857 decerpi
1964 3802 2013 3841 et
2054 3792 2197 3840 evelli
2242 3802 2387 3854 atque

179 3860 272 3910 vid.
298 3877 409 3925 sup.
432 3860 467 3909 l.
493 3861 559 3909 iii.
583 3878 630 3926 p.
643 3861 725 3909 39.
748 3870 846 3909 not.
861 3860 948 3933 .⁰·)
967 3858 1252 3934 arbitrantur
1317 3855 1473 3905 afferri
1508 3857 1639 3904 vobis
1665 3856 1862 3920 jubetis,
1895 3864 2077 3932 nonunt
2108 3855 2163 3929 iis
2195 3854 2277 3919 qui
2312 3854 2381 3901 af·

176 3922 1254 4047 21⁰5?,3¹:2²„53322‘111¹533b,222“23⁰{2
1319 3920 1858 4050 i‘ffsssssuaeffiss‘sdztss
1892 3929 2386 4050 ¹;2‚;2:÷.5²¹2‘?.gf³¹3⁸3

177 4066 340 4104 eorum
373 4063 538 4104 ventre
570 4061 788 4120 purgata.
825 4052 1045 4116 impetret
1072 4052 1141 4100 eie
1177 4066 1256 4099 ve·
1321 4065 1436 4099 mor.
1466 4049 1681 4098 Manich.
1703 4050 1735 4097 1.
1759 4049 1811 4097 11.
1836 4050 1879 4111 §.
1901 4051 1985 4098 57.
2009 4046 2103 4096 vid.
2127 4062 2232 4112 sup.
2260 4047 2292 4095 1.
2311 4046 2384 4094 iii.

178 4120 332 4176 niam,
373 4136 572 4182 quorum
617 4118 818 4167 traditur
857 4116 1095 4166 oblatione
1133 4132 1244 4181 pur·
1310 4130 1355 4163 c.
1383 4116 1460 4163 10.
1501 4123 1601 4163 not.
1633 4130 1677 4162 o.
1709 4130 1759 4178 p.
1794 4114 1875 4161 40.
1954 4112 2227 4165 Auditores‚
2270 4120 2383 4159 ante

176 4185 354 4247 ganda.
423 4184 625 4233 Animas
657 4183 940 4231 Auditorum
977 4196 1163 4231 suorum
1199 4180 1249 4229 in
1315 4180 1504 4228 Electos
1561 4193 1715 4241 genua
1770 4177 1935 4241 figunt,
1982 4185 2037 4225 ut
2085 4176 2153 4225 eis
2214 4191 2383 4225 manus

179 4250 375 4298 Electos
398 4248 573 4297 revolvi
604 4248 904 4301 arbitrantur,
928 4253 1012 4295 aut
1045 4244 1251 4295 feliciore
1317 4243 1611 4310 supplicibus
1633 4243 1934 4308 imponantur
1952 4256 2047 4290 non
2070 4257 2099 4289 a
2122 4240 2234 4289 solis
2255 4256 2383 4306 pres·

179 4313 468 4376 compendio
503 4313 554 4361 in
585 4327 718 4361 escas
739 4312 1010 4361 Electorum
1045 4325 1250 4365 suorum,
1316 4310 1494 4373 hyteris
1548 4308 1625 4357 vel
1683 4307 1841 4373 episco
1876 4305 1917 4353 ie
1970 4312 2054 4355 aut
2108 4304 2387 4353 diaconibus

179 4387 252 4427 ut·
268 4379 372 4443 jam
408 4376 521 4427 inde
543 4385 771 4443 purgata·
806 4376 856 4425 in
895 4375 1030 4425 nulla
1059 4389 1256 4440 corpora
1319 4390 1499 4429 eorum,
1521 4373 1605 4422 sed
1628 4388 1657 4419 a
1678 4371 1850 4435 quibus
1872 4370 1967 4421 ibet
1992 4369 2185 4421 Electis.
2255 4371 2386 4434 Aug.

181 4452 492 4493 revertantur.
559 4444 757 4492 Ceteras
790 4450 950 4491 autem
987 4439 1170 4488 animas
1207 4447 1256 4487 et
1321 4439 1413 4505 Ep.
1437 4439 1556 4488 236.
1576 4436 1641 4487 ad
1664 4437 1868 4487 Denter.

181 4506 228 4556 in
253 4523 430 4574 pecora
450 4507 602 4558 redire
626 4515 814 4573 putant,
831 4505 950 4557 etin
968 4506 1128 4555 omnia
1145 4520 1252 4567 quie
