3042 5059
568 333 1288 399 coNFEssloNUM
1335 305 1621 402 LIBER
1664 339 1859 402 x111.
2188 346 2315 404 255

77 485 524 568 distinguitur
549 497 852 571 tempore,
882 489 1058 574 quod
1101 491 1375 554 tenebra·
1391 495 1681 575 fuimus,
1708 503 1775 558 et
1800 497 1922 558 lux
1955 493 2313 580 efficimur:
2342 511 2565 576 Eph.5‚8-.

74 587 164 648 in
209 588 331 651 illa
362 608 511 651 vero
549 587 794 651 dictum
839 601 938 653 est
983 590 1143 674 quid
1191 601 1380 670 esset,
1415 594 1551 656 nisi·
1586 595 2089 674 illuminaretur3
2142 598 2325 662 etita.

76 689 354 754 dictum
381 699 500 769 est,
530 691 714 776 quasi
751 693 934 774 prius
972 694 1164 758 fuerit
1205 696 1386 759 fluxa
1432 704 1496 758 et
1536 691 1877 762 tenebrosa]
1892 723 1910 776 3
1954 707 2029 762 ut
2056 721 2322 784 appare-

76 799 197 854 ret
237 813 437 856 causa
476 812 608 876 qua
639 793 880 858 factum
922 803 1021 858 est
1061 803 1135 858 ut
1173 797 1358 860 aliter
1397 805 1586 875 esset,
1616 797 1685 860 id
1724 809 1840 877 est,
1876 808 1951 864 ut
1987 800 2071 864 ad
2106 802 2325 866 lumen

79 893 486 958 indeficiens
529 915 834 958 conversa
874 898 992 959 lux
1030 905 1216 961 esset.
1308 899 1436 971 Qui
1473 907 1710 982 potest,
1737 899 2140 982 intelligat*3
2194 925 2233 966 a
2258 911 2324 966 te

85 1002 299 1076 petat.
396 995 652 1081 thuid
679 997 841 1059 mihi
870 999 1178 1061 molestus
1207 1006 1325 1078 est,
1356 999 1542 1083 quasi
1573 1021 1693 1081 ego
1721 1002 2087 1064 illuminem
2123 1003 2323 1064 ullum
2341 1023 2557 1080 Joh.1,9.

85 1098 427 1159 hominem
459 1099 814 1160 venientem
844 1101 918 1160 in
949 1101 1122 1161 hunc
1149 1101 1468 1162 mundum
1488 1098 1523 1161 ,9

193 1201 293 1259 12.
343 1198 725 1262 Trinitatem
751 1201 1254 1282 omnipotentem
1285 1202 1432 1284 quis
1461 1202 1809 1284 intelligit?
1885 1205 1977 1267 Et
2016 1205 2163 1288 quis
2189 1202 2330 1268 non'
2406 1232 2449 1280 x
2456 1233 2497 1280 1.

85 1297 395 1381 loquitur
421 1321 585 1376 eam,
617 1300 674 1362 si
699 1308 916 1364 tamen
947 1298 1130 1364 eam?
1207 1303 1383 1366 Rara
1430 1304 1646 1368 anima
1688 1326 1834 1388 quae
1888 1304 2039 1368 dum
2084 1305 2165 1369 de
2208 1306 2322 1370 ina
2338 1296 2565 1412 &33:1¹³

87 1398 411 1482 loquitur,
441 1401 584 1478 scit,
613 1401 788 1484 quod
829 1399 1174 1485 loquitur*-
1263 1405 1354 1466 Et
1382 1404 1780 1468 contendunt:
1806 1414 1871 1469 et
1900 1406 2228 1485 dimicant,
2257 1415 2395 1472 ettis
2415 1425 2467 1473 in

84 1520 292 1562 nemo
341 1501 479 1564 sine
523 1523 686 1585 pace
730 1501 906 1565 videt
945 1503 1134 1566 istam
1179 1502 1510 1566 visionem.
1599 1507 1851 1569 Vellem
1894 1518 1968 1570 ut
2006 1508 2149 1571 haec
2199 1507 2323 1572 u’ia
2338 1489 2546 1544 homine.

89 1601 466 1682 cogitarent
511 1602 806 1666 homines
855 1603 924 1665 in
977 1603 1208 1687 seipsis
1223 1609 1258 1665 ⁸.

163 1829 184 1856 ⁸
219 1833 256 1856 ‘⁶
285 1827 356 1874 Et
386 1840 470 1874 nos
505 1825 693 1888 quidem
729 1825 779 1873 in
816 1823 968 1878 nobis,
989 1823 1181 1872 tametsi

97 1905 198 1937 non
221 1890 480 1954 aequalem,
505 1890 646 1938 immo
667 1890 807 1938 valde
830 1889 1062 1953 longeque
1083 1887 1178 1936 dis-

93 1963 308 2010 tantem,
324 1970 476 2018 neque
488 1965 786 2008 coaeternam,
801 1960 864 2008 et,
885 1969 980 2018 quo
993 1954 1182 2001 brevius

93 2026 254 2066 totum
294 2019 483 2076 dicitur,
506 2035 600 2066 non
633 2019 846 2084 ejusdem
881 2018 1177 2074 substantiae,

95 2083 241 2148 cujus
265 2092 342 2131 est
366 2085 516 2142 Deus,
538 2093 695 2132 tamen
719 2099 814 2146 qua
837 2083 944 2131 Deo
976 2082 1092 2130 nihil
1125 2082 1184 2130 sit

97 2148 148 2195 in
174 2149 324 2196 rebus
344 2150 406 2196 ab
426 2164 482 2196 eo
511 2149 648 2196 factis
671 2159 838 2197 natura
858 2147 1182 2213 propinquius,

93 2213 364 2276 imaginem
409 2212 523 2267 Dei,
570 2213 658 2262 hoc
701 2221 774 2262 est
815 2228 1014 2260 summae
1055 2211 1182 2260 illius

95 2277 373 2334 TrinitatiS,
418 2278 730 2341 agnoscimus,
767 2277 922 2326 adhuc
959 2275 1180 2325 reforma-

94 2343 232 2390 tione
261 2342 618 2408 perficiendam,
653 2351 708 2390 ut
747 2344 806 2390 sit
837 2342 980 2390 etiam
1016 2341 1179 2389 simili-

100 2409 274 2455 tudine
300 2407 532 2472 proxima.
597 2408 726 2456 Nam
747 2418 798 2456 et
815 2422 994 2460 sumus,
1018 2417 1064 2453 et
1091 2422 1178 2454 nos

99 2488 209 2521 esse
231 2472 470 2529 novimus,
489 2481 542 2535 ¹et
564 2472 611 2520 id
633 2487 736 2522 esse
767 2488 823 2520 ac
859 2487 994 2519 nosse
1027 2470 1180 2532 diligi·

98 2553 228 2585 mus.
277 2537 338 2584 In
359 2537 431 2584 his
452 2545 610 2585 autem
628 2538 776 2584 tribus
793 2553 902 2600 quae
917 2535 1035 2593 dixi,
1050 2536 1183 2584 nulla

103 2617 188 2649 nos
211 2602 404 2650 falsitas
426 2602 520 2650 veri
543 2601 708 2650 similis
730 2601 940 2651 turbat.’'
969 2601 1096 2663 Aug.
1123 2600 1183 2650 de

101 2666 210 2714 Civ.
237 2667 357 2723 Dei,
385 2667 416 2714 l.
441 2667 506 2715 xi.
523 2682 565 2714 c.
583 2667 666 2714 26.
713 2673 745 2694 “
764 2666 894 2714 Sicut
912 2675 1068 2714 autem
1087 2665 1182 2714 duo

105 2731 335 2794 quaedam
359 2739 486 2784 sunt,
503 2747 637 2779 mens
657 2739 705 2778 et
727 2747 856 2780 arnor
869 2731 986 2795 ejus.
1001 2745 1108 2780 cum
1135 2746 1184 2778 se

102 2807 267 2844 amat:
324 2798 394 2843 ita
429 2796 648 2860 quaedam
685 2795 778 2842 duo
813 2807 938 2853 sunt,
972 2811 1106 2843 mens
1136 2804 1184 2843 et

102 2860 276 2908 notitia
308 2860 430 2925 ejus,
465 2877 570 2908 cum
604 2877 654 2908 se
687 2861 828 2908 novit.
895 2859 1046 2922 Igitur
1081 2858 1184 2925 ipsa

101 2941 241 2974 mens
259 2933 310 2974 et
327 2941 466 2976 amor
483 2935 531 2974 et
544 2924 706 2974 notitia
718 2924 836 2988 ejus,
854 2925 945 2974 tria
961 2923 1182 2986 quaedam

102 2999 234 3043 sunt,
277 3000 325 3038 et
361 2989 467 3038 haec
506 2989 593 3037 tria
629 3005 773 3039 unum
815 2999 948 3037 sunt:
992 2998 1038 3036 et
1073 3005 1180 3036 cum

99 3055 318 3117 perfecta
359 3063 488 3110 sunt,
527 3055 728 3117 aequalia
765 3062 892 3103 sunt.
965 3053 1014 3101 Si
1057 3054 1182 3101 enim

103 3119 266 3166 minus
290 3135 344 3168 se
367 3127 494 3166 amat
519 3135 659 3182 quam
677 3128 764 3174 est,
783 3127 851 3174 ut,
871 3119 998 3166 verbi
1013 3119 1180 3182 gratia,

100 3191 291 3230 tantum
317 3201 371 3232 se
396 3193 523 3232 amet
551 3182 747 3232 bominis
780 3199 928 3237 mens,
952 3193 1180 3247 quantum

101 3249 370 3296 amandum
406 3259 478 3296 est
507 3263 674 3312 corpus
699 3247 913 3303 hominis,
933 3264 1042 3296 cum
1075 3249 1184 3314 plus

105 3313 163 3360 sit
189 3313 296 3378 ipsa
321 3328 468 3376 quam
492 3329 684 3380 corpus3
722 3320 902 3378 peccat,
925 3321 972 3360 et
996 3328 1087 3360 non
1111 3324 1182 3361 est

103 3377 346 3440 perfectus
366 3394 498 3426 amor
521 3378 639 3442 ejus.
700 3378 821 3425 Item
844 3376 882 3425 si
905 3377 1110 3443 amplius
1131 3394 1181 3426 se

104 3453 234 3490 amat
255 3458 406 3506 quam
435 3453 527 3500 est,
549 3443 677 3492 velut
697 3443 736 3489 si
757 3450 938 3490 tantum
964 3457 1014 3490 se
1037 3451 1181 3497 amet,

103 3517 343 3569 quantum
363 3507 594 3555 amandus
613 3516 684 3555 est
705 3508 857 3563 Deus,
876 3522 983 3555 cum
1005 3506 1179 3555 incom-

101 3572 386 3634 parabiliter
421 3573 577 3619 minus
605 3573 667 3620 sit
697 3573 802 3637 ipsa
836 3586 977 3635 quam
1016 3573 1179 3632 Deus;

103 3637 245 3684 etiam
282 3637 357 3684 sic
391 3636 586 3684 nimium
617 3644 799 3701 peccat,
822 3645 870 3684 et
892 3652 984 3684 non
1008 3636 1182 3701 perfec·

102 3707 200 3748 tum
227 3702 384 3750 habet
405 3717 611 3749 amorem
645 3703 735 3749 sui.
805 3701 991 3765 Major-e
1021 3709 1179 3749 autem

101 3767 416 3829 perversitate
429 3774 477 3814 et
493 3765 738 3829 iniquitate
757 3775 942 3831 peccat,
955 3781 1060 3813 cum
1079 3781 1179 3813 cor-

102 3846 190 3892 pus
214 3839 408 3878 tantum
433 3841 580 3884 amat,
599 3842 826 3894 quantum
859 3831 1089 3878 amandus
1109 3838 1178 3877 est

105 3895 260 3944 Deus.
334 3897 457 3943 Item
495 3895 658 3943 notitia
681 3897 719 3942 si
743 3895 894 3944 minor
925 3905 1012 3951 est,
1037 3911 1178 3958 quam

106 3969 173 4006 est
214 3960 342 4008 illud
379 3960 510 4024 quod
549 3961 769 4017 noscitur,
802 3971 847 4008 et
881 3961 1020 4025 plene
1057 3962 1184 4009 nosci

104 4032 277 4088 potest,
299 4025 510 4090 perfecta
533 4041 624 4073 non
647 4034 734 4073 est.
791 4027 933 4074 Mens
949 4040 1058 4072 vero
1075 4039 1182 4072 cum

101 4091 325 4153 seipsam
345 4090 606 4153 cognoscit,
626 4106 718 4137 non
739 4105 790 4138 se
813 4098 1003 4155 superat
1022 4089 1186 4138 notitia

102 4169 216 4212 sua3
253 4155 374 4217 quia
405 4156 510 4220 ipsa
546 4157 800 4216 cognoscit,
821 4155 925 4221 ipsa
945 4155 1187 4217 cognosci-

101 4227 192 4266 tur.
237 4220 368 4268 Cum
388 4236 501 4280 ergo
523 4234 575 4267 se
597 4228 742 4268 totam
761 4221 1017 4283 cognoscit,
1034 4233 1185 4284 neque

103 4299 265 4332 secum
291 4285 558 4349 quidquam
582 4284 728 4336 aliud,
753 4301 838 4349 par
869 4285 938 4332 illi
971 4292 1044 4332 est
1073 4299 1182 4346 cog·

101 4348 221 4396 nitio
243 4365 359 4396 sua:
395 4350 514 4412 quia
537 4364 690 4415 neque
710 4365 769 4398 ex
791 4351 885 4398 alis
914 4358 1084 4398 natura
1115 4356 1186 4397 est

101 4413 206 4476 ejus
244 4414 474 4478 cognitio,
508 4428 618 4461 cum
653 4429 704 4462 se
738 4414 888 4478 ipsam
925 4415 1186 4477 cognoscit.

103 4478 162 4526 Et
189 4493 302 4528 cum
321 4493 375 4532 se
397 4486 546 4528 totam
571 4478 783 4543 nihilque
805 4479 1008 4545 amplius
1038 4478 1185 4544 perci·

1348 1607 1574 1686 Longe
1610 1607 1790 1671 aliud
1838 1618 1989 1673 sunt
2028 1609 2155 1672 ista
2202 1609 2323 1672 tria

1245 1822 1333 1886 pit,
1374 1838 1460 1872 nec
1499 1824 1649 1873 minor
1689 1841 1776 1875 nec
1817 1827 1965 1891 major
1996 1835 2087 1877 est.
2168 1829 2318 1879 Recte

1244 1887 1386 1952 igitur
1394 1887 1617 1947 diximus,
1634 1890 1735 1940 haec
1748 1891 1835 1940 tria
1848 1907 1955 1940 cum
1971 1893 2179 1958 perfecta
2190 1902 2319 1949 sunt.

1245 1967 1346 2000 esse
1368 1962 1707 2018 consequenter
1718 1956 2159 2019 aequalim-Simul
2172 1958 2318 2008 etiam

1246 2017 1573 2078 admonemur,
1601 2019 1642 2068 si
1680 2029 1931 2085 utcumque
1966 2021 2125 2072 videre
2154 2037 2316 2086 possu-

1247 2097 1372 2142 muS,
1388 2083 1489 2131 haec
1511 2083 1562 2130 in
1586 2084 1746 2133 anima
1758 2085 1999 2145 exsistere,
2012 2095 2059 2134 et
2077 2098 2317 2151 tamquam

1247 2145 1458 2196 involuta
1478 2148 1633 2196 evolvi
1654 2158 1708 2197 ut
1728 2151 1989 2198 sentiantur
2020 2159 2069 2198 et
2100 2151 2316 2202 dinume-

1245 2221 1406 2261 rentur
1433 2213 1820 2269 substantialiter,
1842 2215 1937 2270 vel.
1960 2223 2013 2265 ut
2044 2216 2111 2264 ita
2140 2215 2316 2278 dicam,

1247 2277 1575 2337 essentialiter,
1595 2293 1690 2326 non
1724 2287 1967 2343 tamqnam
1999 2279 2048 2328 in
2081 2281 2313 2344 subjecto,

1244 2349 1299 2388 ut
1327 2342 1454 2390 color·
1479 2351 1563 2390 aut
1596 2343 1747 2406 figura
1782 2343 1834 2391 in
1868 2360 2075 2407 corpore,
2100 2355 2184 2393 aut
2217 2345 2316 2396 ulla

1242 2405 1336 2453 alia
1344 2407 1549 2470 qualitas
1560 2416 1641 2456 aut
1652 2408 1907 2473 quantitas.
1930 2409 2177 2473 Quidquid
2188 2411 2315 2459 enim

1248 2469 1343 2518 tale
1377 2479 1464 2527 est,
1498 2487 1587 2518 non
1622 2473 1809 2521 excedit
1840 2473 2103 2537 subjectum
2141 2475 2189 2521 in
2220 2491 2315 2550 quo

1246 2543 1332 2583 est.
1366 2537 1415 2583 N
1417 2552 1478 2583 on
1497 2536 1625 2584 enim
1648 2537 1777 2584 color
1799 2537 1884 2585 iste
1903 2547 1985 2584 aut
2002 2537 2154 2600 figura
2174 2538 2313 2603 hujus

1247 2601 1450 2664 corporis
1469 2609 1625 2666 potest
1644 2616 1765 2657 esse,
1785 2611 1834 2650 et
1866 2601 2061 2651 alterius
2093 2605 2311 2666 corporis.

1250 2665 1392 2712 Mens
1422 2675 1582 2714 autem
1620 2681 1778 2713 amore
1808 2681 1901 2730 quo
1922 2682 1973 2714 se
1994 2676 2139 2723 amat,
2162 2675 2315 2732 potest

1249 2744 1406 2777 amare
1429 2738 1476 2778 et
1499 2730 1629 2779 aliud
1653 2739 1822 2794 praeter
1851 2745 1919 2778 se.
1985 2732 2107 2779 Item
2140 2747 2231 2779 non
2262 2749 2312 2782 se

1247 2794 1394 2841 solam
1416 2794 1655 2857 cognoscit
1678 2810 1830 2853 mens,
1851 2794 1933 2843 sed
1956 2805 2003 2842 et
2028 2795 2125 2844 alia
2146 2797 2314 2846 multa.

1249 2859 1570 2916 Quamobrem
1595 2874 1688 2907 non
1716 2874 1845 2907 amor
1876 2867 1925 2908 et
1955 2861 2159 2923 cognitio
2188 2869 2313 2910 tam-

1245 2938 1390 2986 quam
1413 2925 1461 2971 in
1482 2925 1697 2989 subjecto
1720 2925 1881 2972 insunt
1897 2926 2039 2973 menti
2058 2944 2071 2986 ;
2104 2926 2189 2974 sed
2206 2929 2317 2976 snb·

1248 2989 1530 3036 stantialiter
1574 2989 1717 3036 etiam
1756 2989 1847 3037 ista
1886 2998 2013 3044 sunt,
2054 2990 2174 3039 sicut
2210 2991 2314 3056 ipsa

1247 3068 1405 3100 mens:
1441 3053 1555 3116 quia
1576 3053 1664 3102 etsi
1686 3053 1879 3101 relative
1900 3053 2117 3102 dicuntur
2148 3055 2209 3102 ad
2240 3057 2312 3104 in-

1247 3117 1415 3174 vicem,
1429 3117 1476 3164 in
1499 3133 1585 3166 sua
1605 3127 1764 3166 tamen
1782 3126 1888 3166 sunt
1905 3119 2090 3182 singula
2109 3135 2313 3185 queque

1246 3182 1661 3230 substantia.—At
1697 3183 1747 3228 in
1784 3181 1881 3228 illis
1917 3185 2081 3240 tribus,
2116 3198 2223 3233 cum
2261 3201 2311 3234 se

1249 3246 1374 3294 novit
1411 3263 1543 3295 mens
1576 3255 1627 3295 et
1662 3255 1791 3294 amat
1824 3261 1893 3298 se,
1922 3256 2082 3296 manet
2114 3248 2309 3304 trinitas,

1247 3325 1397 3368 mens,
1433 3327 1579 3368 amor,
1611 3311 1799 3370 notitia3
1846 3319 1895 3359 et
1924 3311 2056 3360 nulla
2083 3313 2309 3360 commix-

1246 3377 1370 3424 tione
1413 3377 1739 3425 confunditur:
1788 3375 2002 3439 quamvis
2039 3385 2088 3424 et
2126 3376 2310 3441 singula

1247 3441 1407 3488 sintin
1428 3442 1708 3506 semetipsis,
1727 3449 1771 3488 et
1790 3441 1989 3488 invicem
2010 3449 2107 3489 tota
2123 3441 2171 3489 in
2187 3441 2311 3496 totis,

1247 3505 1342 3554 sive
1359 3505 1543 3568 singula
1557 3505 1605 3554 in
1623 3506 1763 3560 binis,
1781 3505 1879 3552 sive
1902 3505 2013 3553 bina
2032 3505 2083 3553 in
2098 3505 2311 3569 singulis.

1246 3571 1416 3632 Itaque
1437 3570 1597 3619 omnia
1619 3571 1667 3618 in
1684 3569 1917 3619 omnibus.
1956 3570 2087 3619 Nam
2110 3577 2158 3618 et
2180 3586 2313 3621 meno

1243 3644 1317 3681 est
1357 3635 1519 3697 utique
1566 3635 1615 3682 in
1649 3651 1700 3682 se
1732 3635 1853 3699 ipsa,
1887 3633 2109 3698 quoniam
2154 3636 2217 3683 ad
2260 3651 2311 3684 se

1245 3697 1395 3764 ipsam
1429 3715 1566 3747 mens
1595 3699 1795 3748 dicitur:
1848 3698 2065 3763 quamvis
2100 3713 2313 3756 noscens,

1245 3763 1318 3811 vel
1339 3765 1558 3819 nota,vel
1580 3765 1836 3822 noscibilis,
1858 3763 1919 3810 ad
1942 3779 2077 3812 suam
2101 3765 2312 3812 notitiam

1242 3828 1436 3876 relative
1451 3829 1661 3889 dicatum
1676 3845 1841 3878 amans
1851 3843 2059 3893 quoque,
2073 3836 2121 3876 et
2137 3837 2312 3886 amata,

1245 3893 1316 3941 vel
1333 3894 1569 3949 amabilis,
1582 3894 1643 3941 ad
1666 3907 1873 3940 amorem
1890 3893 2130 3946 referatur,
2151 3908 2245 3956 quo
2262 3907 2313 3940 se

1250 3967 1396 4006 amat.
1465 3959 1525 4005 Et
1549 3959 1711 4005 notitia
1744 3957 1960 4019 quamvis
1990 3957 2217 4004 referatur
2247 3957 2312 4005 ad

1250 4030 1452 4070 mentem
1483 4029 1838 4084 cognoscentem
1861 4019 1937 4068 vel
1959 4020 2216 4082 cognitam,
2238 4028 2311 4068 ta-

1247 4103 1359 4134 men
1373 4097 1420 4135 et
1436 4087 1498 4133 ad
1518 4102 1569 4135 se
1589 4087 1737 4151 ipsam
1763 4093 1890 4142 nota,
1910 4091 1958 4132 et
1978 4099 2174 4133 noscens
2195 4083 2312 4132 dici·

1251 4159 1349 4198 tur:
1386 4166 1478 4198 non
1511 4152 1639 4198 enim
1660 4149 1749 4198 sibi
1768 4157 1841 4197 est
1861 4148 2100 4211 incognita
2130 4149 2315 4204 notitia,

1248 4233 1344 4278 qua
1375 4232 1428 4263 se
1460 4229 1591 4263 mens
1621 4216 1725 4280 ipsa
1760 4213 2012 4279 cognoscit.
2066 4215 2131 4263 Et
2164 4229 2314 4271 amor,

1247 4279 1466 4345 quamvis
1486 4282 1710 4329 referatur
1737 4279 1800 4327 ad
1830 4287 2036 4328 mentem
2056 4287 2315 4334 amantem,

1250 4345 1383 4411 cujus
1406 4359 1538 4394 amor
1558 4352 1821 4401 est,tamen
1842 4353 1891 4392 et
1911 4343 1973 4392 ad
1996 4359 2047 4392 se
2068 4343 2220 4408 ipsum
2244 4351 2317 4392 est

1251 4427 1397 4466 amor,
1429 4418 1483 4459 ut
1515 4409 1575 4458 sit
1607 4410 1749 4458 etiarn
1780 4409 1832 4456 in
1862 4423 1915 4457 se
1948 4407 2072 4473 ipsot
2116 4407 2230 4473 quia
2266 4415 2317 4456 et

1253 4492 1382 4526 amor
1411 4484 1614 4532 amatur,
1636 4490 1723 4524 nec
1748 4474 1842 4524 alio
1866 4473 1954 4522 uisi
1976 4487 2135 4524 amore
2170 4473 2319 4522 amari
