3042 5059
751 341 1470 411 CONFESSIONUM
1515 350 1801 416 LIBER
1844 353 1962 416 IX.
2332 358 2452 416 157

215 495 368 567 tuS,
429 501 495 557 et
547 495 770 560 relicta
823 498 1054 563 militia
1121 503 1432 582 saeculari,
1489 505 1819 569 accinctus
1876 508 1945 570 in
2002 517 2131 572 tua.
2250 507 2455 572 Simul
2473 519 2647 572 Matris

218 610 498 657 eramus
513 594 556 672 ¹¹,
617 597 808 661 simul
864 599 1251 666 habitaturi*
1320 605 1563 687 placito
1634 616 1877 671 sancto.
1995 609 2455 680 Quaerebamus

2470 585 2644 644 obitus,

2468 663 2663 714 ejusque

218 693 540 774 quisnam
589 698 772 761 locus
819 723 940 764 nos
985 703 1209 765 utilius
1267 704 1533 768 haberet
1590 706 1934 770 servientes
1990 709 2150 770 tibi:
2219 711 2457 802 pariter
2472 728 2501 762 a
2522 717 2696 766 teneris

215 797 678 861 remeabamus
719 800 792 862 in
826 801 1127 864 Africam.
1215 805 1307 866 Et
1348 825 1496 867 cum
1534 803 1708 888 apud
1738 805 1925 868 Ostia
1951 807 2259 871 Tiberina
2285 831 2455 872 esse·

216 919 406 976 muS,
461 909 663 965 mater
718 902 1022 968 defuncta
1077 912 1196 968 est.
1309 908 1525 971 Multa
1578 917 1909 992 praetereO,
1969 910 2125 992 quia
2180 912 2455 974 multum

215 1001 490 1067 festino.
597 1006 846 1088 Accipe
903 1007 1336 1072 consessiones
1393 1032 1571 1073 meas
1628 1019 1693 1074 et
1744 1012 2087 1092 gratiarum
2142 1013 2455 1091 actiones,

217 1107 421 1170 Deus
449 1129 651 1186 meus,
680 1109 761 1172 de
791 1111 982 1174 rebus
1009 1113 1581 1176 innumerabilibus
1610 1115 1806 1178 etiam
1844 1116 1915 1178 in
1956 1115 2228 1178 silentio,
2320 1116 2451 1180 Sed

217 1228 368 1270 non
409 1210 749 1292 praeteribo
797 1211 1116 1295 quidquid
1157 1213 1319 1276 mihi
1363 1214 1579 1277 anima
1618 1216 1892 1298 parturit
1932 1215 2013 1280 de
2056 1217 2168 1280 illa
2210 1218 2451 1282 famula

216 1315 368 1389 tua,
409 1332 554 1394 quae
598 1333 702 1374 me
745 1313 1109 1394 parturivit3
1183 1322 1250 1377 et
1292 1336 1502 1392 carne,
1548 1324 1621 1378 ut
1658 1317 1731 1378 in
1774 1317 1942 1380 hanc
1987 1320 2445 1401 temporalem3

217 1418 294 1473 et
323 1412 539 1490 corde,
565 1421 640 1475 ut
663 1414 734 1476 in
765 1421 1066 1478 aeternam
1101 1415 1314 1479 lucem
1343 1413 1725 1480 nascerer'¹.
1817 1420 1969 1482 Non
2000 1418 2159 1502 ejuS,
2192 1419 2306 1482 sed
2336 1428 2449 1484 tua

217 1510 444 1575 dicam
476 1513 646 1578 dona
671 1515 742 1576 in
770 1537 887 1591 ea3
930 1537 1142 1600 neque
1182 1517 1354 1580 enim
1394 1517 1673 1601 seipsam
1710 1518 1967 1598 fecerat,
1998 1527 2108 1582 aut
2134 1519 2444 1583 educave-

215 1622 324 1675 rat
373 1615 672 1698 seipsam.
759 1617 864 1678 Tu
905 1617 1134 1680 creasti
1178 1639 1340 1697 eam,
1377 1641 1498 1682 nec
1548 1629 1729 1703 pater
1778 1642 1899 1684 nec
1950 1630 2153 1686 mater
2198 1624 2446 1686 sciebat

219 1715 446 1795 qualis
495 1737 581 1778 ex
628 1716 723 1779 eis
772 1716 972 1780 fieret.
1062 1720 1154 1781 Et
1201 1719 1476 1783 erudivit
1525 1741 1667 1784 eam
1714 1721 1784 1782 in
1826 1722 2052 1785 timore
2098 1729 2210 1784 tuo
2260 1723 2445 1804 virga

217 1817 472 1880 Christi
500 1821 617 1897 tui,
646 1821 930 1901 regimen
959 1822 1138 1885 unici
1182 1823 1332 1886 Filii
1369 1823 1464 1886 tui
1491 1824 1564 1886 in
1594 1825 1785 1888 domo
1813 1825 2011 1903 fideli,
2039 1827 2212 1888 bono
2241 1848 2439 1890 mem·

213 1919 341 1980 bro
370 1921 688 1984 Ecclesiae
717 1929 864 1984 tuae.
954 1925 1096 1986 Nec
1134 1930 1378 1986 tantam
1421 1945 1575 2004 erga
1612 1946 1796 1988 suam
1843 1925 2253 2009 disciplinam
2293 1927 2439 1990 dili-

217 2021 508 2100 gentiam
534 2023 758 2085 matris
783 2022 1198 2104 praedicabat,
1227 2035 1533 2107 quantam
1562 2023 1815 2090 samulae
1846 2026 1947 2110 cuj
1955 2026 2183 2090 usdam
2220 2027 2437 2092 decre-

211 2124 399 2206 pitae,
460 2146 606 2208 quae
677 2133 927 2208 patrem
993 2125 1131 2209 ejus
1192 2125 1500 2188 infantem
1568 2135 1948 2208 portaverat,
2006 2129 2176 2192 sicut
2243 2129 2435 2194 dorso

214 2225 812 2304 grandiuscularum
870 2227 1228 2308 puellarum
1281 2227 1534 2311 parvuli
1588 2229 1827 2309 portari
1886 2230 2113 2292 solent.
2227 2230 2435 2314 Cujus

211 2326 310 2388 rei
357 2328 579 2407 gratia,
628 2337 696 2390 et
734 2335 996 2411 propter
1039 2334 1362 2390 senectam
1407 2349 1482 2390 ac
1526 2349 1737 2391 mores
1779 2330 2076 2412 optimOS,
2127 2332 2196 2394 in
2239 2322 2431 2396 domo

213 2429 570 2495 christiana
611 2432 764 2494 satis
807 2453 846 2493 a
888 2430 1166 2494 dominis
1203 2431 1651 2494 honorabatur.
1743 2431 1937 2496 Unde
1978 2433 2171 2496 etiam
2212 2456 2431 2498 curam

213 2531 498 2594 filiarum
569 2532 1034 2596 dominicarum
1095 2532 1500 2595 commissam
1513 2536 1544 2565 ⁸
1608 2533 1945 2614 diligenter
2013 2536 2294 2615 gerebat,
2365 2544 2432 2599 et

209 2641 351 2696 erat
375 2633 448 2695 in
479 2633 572 2697 eis
602 2632 992 2710 coercendis,
1022 2653 1171 2696 cum
1211 2653 1378 2717 opus
1407 2644 1595 2713 esset,
1624 2643 1846 2698 sancta
1874 2635 2208 2698 severitate
2236 2637 2429 2700 vehe-

207 2755 420 2811 mens,
458 2742 652 2818 atque
691 2735 762 2797 in
791 2732 1100 2797 docendis
1137 2735 1352 2798 sobria
1377 2733 1737 2819 prudentia.
1826 2735 1997 2799 Nam
2043 2758 2172 2815 eas,
2200 2747 2435 2820 praeter

205 2836 358 2898 illas
399 2835 592 2899 horas
636 2836 874 2919 quibus
917 2835 1002 2898 ad
1041 2854 1330 2898 mensam
1370 2842 1709 2917 parentum
1750 2837 2255 2902 moderatissime
2298 2842 2427 2903 ale-

205 2938 466 3014 bantur,
497 2935 747 2999 etiamsi
781 2933 1269 2998 exardescerent
1307 2934 1435 3014 siti,
1474 2955 1597 2998 nec
1640 2957 1875 3018 aquam
1901 2936 2122 3000 bibere
2152 2939 2425 3018 sinebat,

204 3059 582 3123 praecavens
622 3036 1148 3102 consuetudinem
1186 3037 1440 3114 malam,
1481 3045 1548 3100 et
1586 3036 1831 3100 addens
1868 3040 2133 3100 verbum
2162 3061 2422 3106 sanum:

206 3143 248 3174 “
280 3139 491 3203 Modo
521 3161 755 3223 aquam
780 3137 1024 3214 bibitis,
1057 3137 1212 3219 quia
1235 3137 1308 3198 in
1332 3144 1650 3221 potestate
1686 3136 1907 3200 vinum
1949 3160 2082 3201 non
2124 3139 2418 3208 habetis:

207 3263 358 3304 cum
401 3249 614 3306 autem
649 3237 734 3302 ad
773 3238 1034 3300 maritos
1075 3236 1398 3313 veneritis,
1427 3237 1615 3300 factae
1656 3235 1933 3300 dominae
1964 3241 2423 3321 apothecarum

205 3349 271 3405 et
299 3341 724 3417 cellariorum,
755 3359 924 3422 aqua
949 3336 1268 3413 sordebit;
1313 3336 1428 3400 sed
1447 3359 1589 3400 mos
1614 3338 1884 3420 potandi
1911 3343 2313 3422 permanebit
2330 3338 2421 3406 '2‘

205 3445 359 3507 Hac
402 3445 650 3508 ratione
692 3439 1114 3526 praecipiendi
1171 3447 1238 3502 et
1285 3439 1661 3502 auctoritate
1704 3439 2085 3524 imperandi,
2135 3442 2425 3510 frenabat

267 3606 294 3644 h
331 3607 442 3655 Hoc
478 3606 700 3670 temporis
728 3604 992 3659 intervallo.
1022 3612 1278 3663 antequam
1414 3595 1428 3632 ἶ
1459 3601 1631 3650 Matris
1672 3601 1722 3651 in
1765 3618 1814 3651 se
1858 3603 2022 3662 merita
2063 3604 2235 3680 saepius
2286 3614 2419 3670 grato

206 3669 417 3719 Africam
438 3678 686 3725 remearet,
708 3669 891 3733 scripsit
913 3670 1037 3728 Aug.
1071 3667 1211 3716 Libb.
1231 3666 1279 3716 ii.
1343 3666 1502 3714 animo
1521 3668 1772 3715 confitetur
1794 3670 1922 3730 Aug.
1944 3673 1976 3696 “
2000 3667 2049 3716 in
2073 3669 2233 3732 primis
2263 3681 2420 3720 nostra

203 3741 234 3762 ‘¹
259 3736 321 3783 de
360 3736 575 3782 moribus
621 3734 844 3782 Ecclesia
891 3731 1189 3783 Catholicae”
1227 3739 1277 3779 et
1337 3739 1505 3786 mater,
1527 3732 1665 3795 cujus
1683 3731 1834 3779 meriti
1853 3731 1993 3780 credo
2013 3748 2111 3780 esse
2132 3749 2270 3782 omne
2290 3737 2418 3796 quod

204 3804 236 3825 ‘⁶
262 3799 323 3848 de
354 3799 569 3846 moribus
599 3796 1030 3854 Manichaeorum,”
1099 3812 1158 3843 uo
1191 3794 1275 3842 ho·
1337 3794 1474 3843 vivo’'
1500 3795 1561 3843 de
1581 3797 1720 3844 beata
1740 3795 1833 3844 vita
1854 3797 1895 3857 §.
1918 3796 1966 3843 6.
1986 3801 2021 3824 “
2040 3796 2177 3860 cujus
2201 3799 2417 3860 precibus

199 3877 302 3910 rum
338 3863 614 3928 reprimeret
635 3861 959 3926 “jactantiam
991 3861 1052 3908 de
1095 3861 1196 3908 alsa
1227 3868 1276 3908 et
1339 3858 1653 3908 indubitanter
1684 3860 1823 3907 credo
1851 3867 1993 3922 atque
2026 3860 2269 3918 confirmo,
2303 3863 2417 3912 mihi

199 3926 360 3976 fallaci
380 3927 672 3976 continentia
693 3927 770 3975 vel
790 3924 1090 3979 abstinentia,
1108 3940 1206 3988 qua
1226 3940 1275 3973 se
1339 3923 1476 3971 istam
1499 3931 1704 3971 mentem
1743 3923 1903 3970 Deum
1932 3922 2129 3979 dedisse,
2153 3932 2205 3970 ut
2234 3924 2414 3975 inveni.

199 3992 258 4038 ad
277 3990 972 4057 imperitosdecipiendos‚veris
985 3987 1276 4046 Christianis,
1340 3989 1474 4035 endoe
1513 3986 1696 4034 veritati
1740 3985 1855 4059 nihil
1899 3986 2086 4060 omnino
2122 4001 2412 4059 praeponam,

229 4055 372 4104 uibus
388 4072 496 4104 com
531 4056 696 4104 arandi
709 4071 802 4104 non
823 4054 1144 4116 sunt,insuper
1157 4067 1276 4118 proe-
1341 4051 1459 4102 nihil
1502 4050 1633 4099 aliud
1678 4049 1836 4103 velim,
1875 4049 1991 4097 mlul
2035 4057 2251 4112 cogitem,
2298 4054 2413 4107 nihil

197 4072 353 4168 ilerum:
372 4120 424 4178 ;”
527 4127 691 4168 etract.
723 4120 752 4170 i.
791 4136 837 4168 c.
873 4121 922 4168 7.
955 4127 1004 4167 et
1036 4118 1122 4167 lib.
1159 4123 1192 4147 ‘'
1217 4118 1276 4166 de
1341 4131 1512 4164 amem.
1582 4115 1686 4163 Nee
1706 4113 1865 4161 desino
1888 4114 2073 4161 credere
2095 4129 2179 4162 nos
2200 4115 2289 4164 hoc
2310 4126 2413 4167 tan-

197 4185 364 4232 animae
386 4184 702 4249 quantitate,”
715 4199 810 4248 quo
830 4199 934 4232 earn
955 4183 1275 4246 incorpoream
1339 4188 1441 4229 tum
1462 4179 1657 4234 bonum.
1673 4178 1815 4243 quod,
1839 4185 1885 4225 te
1905 4185 2215 4242 promerente,
2237 4195 2413 4230 concu-

199 4264 294 4297 esse
324 4250 592 4298 ostenderet
611 4250 705 4310 (ib.
724 4265 768 4297 c.
789 4251 867 4308 8.)
890 4248 998 4295 item
1022 4247 1226 4312 primum
1248 4261 1275 4294 e
1341 4243 1555 4309 pivimuS,
1577 4245 1761 4296 eadem,
1796 4249 1841 4290 te
1876 4250 2081 4306 petente,
2116 4242 2412 4308 adepturos?

198 4313 247 4360 3.
279 4313 402 4362 libb.
444 4318 478 4340 “
505 4313 566 4362 de
600 4313 750 4361 libero
793 4311 1013 4361 arbitrio”
1043 4327 1072 4359 e
1105 4309 1277 4374 quibus
1348 4308 1532 4358 Similia
1563 4307 1709 4356 habet
1738 4305 1798 4355 de
1824 4306 1949 4354 dono
1970 4306 2222 4380 persever.
2237 4370 2247 4381 ·
2263 4309 2308 4370 §.
2332 4311 2413 4358 53.

196 4385 381 4426 constat
417 4385 454 4407 “
477 4377 659 4426 malum
698 4393 793 4425 non
830 4383 1044 4425 exortum
1083 4374 1174 4424 nisi
1214 4390 1274 4426 ex
1341 4378 1376 4404 ‘⁸
1399 4387 1473 4421 me
1493 4372 1707 4421 fidelibus
1732 4378 1783 4419 et
1805 4370 2083 4434 quotidianm
2113 4379 2272 4420 matris
2295 4388 2413 4422 meae

196 4440 344 4492 libero
367 4441 624 4492 voluntatis
643 4440 886 4491 arbitrio.”
953 4440 1030 4489 lb.
1052 4454 1099 4489 c.
1121 4440 1170 4488 9.
1339 4437 1560 4503 lacrymis
1580 4451 1639 4486 ne
1663 4435 1859 4502 perirem
1881 4434 2021 4486 fuisse
2040 4438 2364 4488 eoncessum?

2470 778 2645 853 educa-

2472 850 2555 892 tto.
