3042 5059
709 388 1434 467 CONFESSIONUM
1479 400 1769 464 LIBER
1810 400 1929 463 VI.

215 555 562 640 suspendio
615 556 822 637 magis
871 558 1167 620 necabar.
1255 557 1575 621 Volebam
1620 555 1792 618 enim
1838 576 2055 619 eorum
2102 576 2247 638 quae
2292 575 2422 617 non

214 659 492 723 viderem
534 659 628 721 ita
667 678 772 721 me
811 666 1055 722 certum
1097 658 1258 735 fieri,
1288 665 1362 720 ut
1403 664 1615 720 certus
1642 678 1848 720 essem
1879 655 2055 740 quod
2085 665 2331 739 septem
2360 663 2427 721 et

214 763 330 826 tria
366 761 596 824 decem
634 758 778 823 sint.
871 762 1104 849 Neque
1142 759 1313 822 enim
1351 766 1484 823 tam
1523 760 1792 821 insanus
1836 778 2029 837 eram,
2058 765 2133 820 ut
2168 778 2251 821 ne
2295 758 2423 822 hoc

215 863 474 948 quidem
501 869 795 946 putarem
823 882 1016 944 posse
1047 861 1538 944 comprehendi3
1586 860 1701 923 sed
1730 860 1899 923 sicut
1917 860 2065 937 hoc,
2081 859 2172 922 ita
2194 866 2426 923 caetera

214 964 573 1047 cupiebam,
599 964 732 1026 sive
755 962 1112 1046 corporalia
1143 985 1287 1046 quae
1320 983 1534 1025 coram
1564 962 1859 1025 sensibus
1889 961 2050 1023 meis
2079 981 2210 1023 non
2240 960 2422 1023 ades-

214 1072 390 1142 sent3
467 1065 600 1128 sive
653 1064 1026 1148 spiritualia,
1078 1062 1158 1126 de
1209 1063 1449 1147 quibus
1507 1063 1789 1145 cogitare
1838 1061 1965 1124 nisi
2015 1060 2425 1145 corporaliter

213 1166 597 1229 nesciebam.
686 1168 778 1230 Et
805 1167 1013 1230 sanari
1058 1165 1374 1229 credendo
1417 1174 1709 1251 poteram
1720 1161 1763 1243 ‘¹,
1791 1174 1865 1226 ut
1891 1164 2225 1248 purgatior
2252 1164 2423 1228 acies

217 1269 440 1333 mentis
467 1291 632 1334 meae
661 1269 1036 1351 dirigeretur
1064 1271 1281 1354 aliquo
1309 1269 1501 1333 modo
1532 1270 1601 1331 in
1630 1271 1957 1332 veritatem
1974 1275 2151 1331 tuam
2174 1290 2425 1352 semper

215 1378 594 1451 manentem,
617 1380 682 1435 et
711 1394 796 1435 ex
823 1372 1003 1434 nullo
1033 1370 1457 1435 deficientem.
1550 1370 1678 1434 Sed
1710 1370 1877 1433 sicut
1906 1370 2157 1433 evenire
2188 1370 2425 1433 assolet

217 1481 285 1534 ut
335 1472 578 1534 malum
629 1472 948 1536 medicum
1007 1480 1332 1555 expertuS,
1381 1472 1577 1535 etiam
1632 1472 1809 1534 bono
1860 1470 2082 1535 timeat
2130 1492 2199 1534 se
2250 1492 2422 1535 com·

217 1572 502 1652 mittere3
546 1574 639 1637 ita
679 1583 813 1638 erat
854 1572 1150 1638 valetudo
1195 1573 1425 1636 animae
1469 1594 1651 1651 meae,
1682 1594 1826 1656 quae
1870 1573 2092 1657 utique
2126 1572 2255 1635 nisi
2289 1594 2421 1637 cre-

219 1673 422 1736 dendo
462 1676 674 1739 sanari
713 1696 846 1737 non
881 1682 1151 1758 poterat,
1181 1681 1246 1737 et
1271 1695 1354 1736 ne
1391 1675 1558 1737 falsa
1595 1672 1895 1749 crederet,
1927 1674 2133 1736 curari
2168 1694 2421 1737 recusa-

217 1777 356 1852 bat3
397 1777 706 1841 resistens
735 1776 1032 1840 manibus
1062 1776 1210 1852 tuis,
1242 1775 1356 1859 qui
1384 1775 1856 1839 medicamenta
1883 1774 2038 1837 fidei
2070 1775 2424 1852 confecisti,

217 1889 278 1943 et
304 1881 596 1962 sparsisti
624 1902 814 1964 super
839 1883 1094 1944 morbos
1125 1880 1298 1943 orbis
1325 1888 1651 1957 terrarum,
1679 1886 1747 1942 et
1774 1886 2016 1941 tantam
2044 1878 2177 1941 illis
2205 1886 2423 1942 aucto-

217 1985 466 2048 ritatem
495 1985 794 2049 tribuisti.
1375 2062 1382 2069 ⁵

301 2088 357 2148 7.
402 2088 521 2149 Ex
549 2086 676 2149 hoc
705 2094 920 2151 tamen
951 2108 1208 2171 quoque
1240 2086 1376 2170 jam
1406 2104 1791 2167 praeponens
1822 2082 2176 2145 doctrinam
2205 2082 2424 2147 catho-
2520 2100 2585 2149 V.

217 2189 422 2268 licam,
456 2187 809 2251 modestius
835 2188 930 2252 ibi
958 2189 1348 2271 minimeque
1377 2186 1687 2249 fallaciter
1727 2185 2077 2248 sentiebam
2111 2184 2327 2268 juberi
2354 2193 2429 2246 ut
2447 2164 2523 2213 De
2542 2180 2619 2213 ⁸⁸·

2444 2244 2626 2278 crorum

221 2288 578 2353 crederetur
608 2288 782 2373 quod
820 2310 952 2353 non
993 2288 1543 2352 demonstrabatur
1574 2284 1729 2362 (sive
1770 2293 1938 2349 esset
1969 2285 2146 2369 quid,
2178 2285 2291 2348 sed
2321 2284 2425 2349 cui
2448 2293 2612 2343 Libro-

221 2390 370 2452 forte
413 2412 551 2452 non
593 2397 783 2468 esset,
828 2390 960 2452 sive
1013 2410 1134 2453 nec
1191 2388 1349 2472 quid
1390 2390 1642 2468 essete),
1682 2407 1875 2471 quam
1918 2388 2051 2449 illic
2096 2386 2427 2450 temeraria
2444 2374 2667 2473 fflfflfflc'

221 2491 679 2574 pollicitatione
735 2492 1016 2556 scientiae
1066 2489 1505 2555 credulitatem
1554 2488 1846 2566 irrideri;
1906 2497 1970 2552 et
2025 2496 2253 2573 postea
2295 2496 2424 2551 tam
2442 2496 2489 2536 et
2509 2504 2668 2538 neces-

223 2594 415 2656 multa
461 2592 938 2657 fabulosissima
986 2600 1050 2655 et
1101 2591 1578 2669 absurdissima,
1632 2591 1785 2675 quia
1830 2590 2244 2653 demonstrari
2294 2611 2425 2652 non
2442 2569 2565 2667 {22¹⁰

2336 402 2423 461 8⁷

222 2701 534 2776 poterant,
564 2692 882 2757 credenda
919 2693 1218 2776 imperari
1230 2689 1266 2753 f.

285 2850 310 2888 ‘¹
344 2852 472 2900 Vera
493 2850 673 2916 religio,
697 2851 785 2901 nisi
816 2852 1064 2900 credantur
1095 2866 1153 2900 ea
1179 2866 1288 2915 quae

223 2916 411 2981 quisque
449 2924 630 2981 postea,
662 2916 701 2965 si
735 2932 784 2965 se
813 2917 934 2965 bene
965 2916 1153 2981 gesserit
1189 2915 1290 2981 dig-

226 2996 398 3046 nusque
417 2980 578 3035 fuerit.
594 2988 868 3045 assequatur
889 2990 1028 3044 atque
1050 2980 1290 3055 percipiat,

225 3052 272 3093 et
292 3045 481 3094 omnino
501 3045 600 3094 sine
620 3048 825 3111 quodam
932 3046 975 3093 vi
1009 3046 1294 3095 auctoritatis

227 3109 444 3239 Ἇᾞήὲε
473 3109 582 3222 ³331?
615 3120 851 3223 ’ἓὲἓῶ
870 3111 932 3222 ¹⁰0
946 3118 1084 3222 Ρῗω
1167 3117 1288 3237 ἑῇξ

227 3238 464 3303 qnisquam
503 3238 782 3287 inveniendo
829 3240 938 3289 Deo
980 3238 1034 3287 fit
1074 3236 1286 3297 idoneus,

229 3303 310 3351 nisi
353 3312 495 3351 antea
543 3303 802 3359 crediderit,
846 3304 973 3379 quod
1018 3311 1088 3351 est
1129 3312 1290 3369 postea

229 3367 492 3432 cogniturus
521 3368 581 3416 de
615 3368 699 3417 lib.
731 3369 836 3417 arb.
855 3367 906 3416 ii.
931 3370 983 3417 2.
1015 3369 1058 3431 §.
1079 3369 1127 3416 6.
1188 3368 1288 3415 Ini-

229 3432 338 3479 tium
369 3433 510 3480 bonae
539 3433 666 3492 vite,
699 3433 776 3481 cui
813 3432 912 3481 vita
941 3431 1082 3481 etiam
1113 3440 1289 3481 aeterna

228 3496 438 3551 debetur,
482 3504 612 3547 reeta
654 3497 774 3546 {ides
813 3506 899 3545 est.
990 3498 1078 3545 Est
1131 3506 1286 3545 autem

229 3558 356 3618 fides,
378 3561 567 3611 credere
591 3562 718 3626 quod
745 3562 955 3611 nondum
978 3561 1126 3617 vides.
1152 3562 1292 3622 cujus

229 3624 332 3673 fidei
376 3641 561 3675 merces
602 3636 691 3682 est,
739 3628 894 3676 videre
947 3626 1074 3690 quod
1121 3625 1292 3674 credis.

230 3690 352 3753 Aug.
380 3692 533 3739 Serm.
556 3692 638 3740 43.
659 3691 762 3740 init.
831 3690 1073 3752 Intellige,
1108 3699 1161 3738 ut
1191 3705 1293 3739 cre-

233 3753 535 3809 din-„verbum
561 3771 717 3805 meum
739 3772 752 3814 3
787 3755 945 3814 crede,
965 3763 1019 3803 ut
1039 3754 1294 3819 intellig-as.

232 3820 415 3868 verbum
453 3820 570 3868 Dei.
604 3820 666 3869 ib.
705 3820 789 3867 fin.
857 3820 1031 3867 Nonne
1068 3822 1298 3886 superbus

233 3883 465 3939 inveniris,
485 3899 593 3933 cum
619 3884 754 3941 dicis,
809 3884 927 3933 rimo
951 3883 1132 3933 videam
1157 3893 1205 3932 ct
1227 3886 1295 3932 sic

231 3948 410 3996 credam
422 3950 626 4014 i—Ipsa
672 3964 723 3996 se
784 3965 846 3998 ux
890 3948 1136 4000 ostendere
1176 3949 1297 3998 vult.

235 4012 356 4059 Cui‘!
433 4014 578 4062 Caeco
629 4028 723 4061 non
784 4020 958 4078 potest,
1005 4028 1097 4062 non
1151 4014 1291 4063 videt.

237 4075 372 4125 Unde
395 4092 485 4125 non
512 4076 672 4126 videt’l
723 4078 934 4127 Gravato
969 4078 1107 4127 oculo
1138 4078 1300 4127 multis

233 4142 868 4205 peccatis—Removeantur
879 4158 990 4206 ergo
1009 4143 1294 4207 iniquitates,

237 4204 525 4255 dimittantur
558 4216 774 4272 peccata.
807 4206 992 4255 levetur
1024 4208 1210 4272 pondus
1235 4210 1296 4256 ab

233 4269 382 4327 oculo,
414 4280 606 4321 sanetur
638 4272 764 4335 quod
800 4273 1014 4321 saucium
1045 4281 1134 4326 est,
1161 4271 1294 4321 adbi-

234 4334 394 4384 beatur
419 4336 613 4385 mordax
679 4344 938 4402 receptum
975 4338 1110 4397 qussi
1145 4336 1294 4401 colly-

235 4397 370 4449 rium.
433 4401 572 4450 Prius
593 4416 620 4451 e
672 4418 729 4451 ce
751 4400 880 4467 quod
903 4401 990 4450 tibi
1012 4400 1298 4467 precipitur,

237 4476 350 4513 sana
378 4480 476 4525 eor,
506 4466 689 4515 munda
720 4471 918 4515 cor.—“
947 4466 1090 4515 Beati
1123 4468 1300 4515 mundo

236 4528 388 4588 corde,
421 4531 646 4595 quoniam
687 4530 778 4597 ipsi
813 4531 974 4582 Deum
1019 4530 1302 4579 videbunt-'⁹

1356 2690 1613 2755 Deinde
1651 2692 1961 2775 paulatim
1996 2699 2089 2771 tu,
2123 2691 2426 2768 Domine,

1355 2850 1485 2913 Aug.
1518 2849 1569 2897 in
1604 2851 1688 2897 Ps.
1724 2848 1887 2898 xxxix.
1924 2850 2002 2897 13.
2070 2848 2274 2897 Proinde
2314 2849 2426 2897 sub-

1355 2914 1582 2963 stantiam
1622 2913 1735 2969 Dei,
1768 2915 1870 2962 sine
1906 2914 2009 2960 ulla
2046 2912 2120 2962 sui
2164 2922 2424 2962 commuta·

1355 2977 1479 3028 tione
1515 2978 1765 3027 mutabilia
1802 2976 2071 3037 facientem,
2108 2986 2156 3025 et
2194 2979 2295 3025 sine
2328 2978 2429 3026 ullo

1354 3058 1445 3091 suo
1503 3043 1753 3108 temporali
1808 3051 1937 3091 motu
1994 3042 2273 3107 temporalia
2324 3057 2426 3090 cre·

1354 3116 1531 3165 antem,
1574 3106 1742 3157 intueri
1780 3115 1829 3155 et
1865 3108 2007 3173 plene
2055 3122 2189 3155 nosse
2235 3106 2428 3156 difficile

1352 3181 1455 3233 ειη
1510 3180 1562 3220 et
1614 3172 1720 3220 ideo
1773 3180 1846 3221 est
1895 3171 2155 3220 necessaria
2208 3172 2427 3235 purgatio

1352 3238 1523 3285 mentis
1566 3244 1751 3293 nostrie,
1787 3252 1884 3301 qua
1920 3236 2042 3284 illud
2078 3235 2319 3284 ineffabile
2354 3235 2425 3283 in-

1352 3301 1600 3351 effabiliter
1643 3301 1790 3350 videri
1836 3301 2011 3367 possit:
2069 3314 2166 3363 qua
2214 3301 2425 3348 nondum

1351 3366 1554 3431 prediti.
1588 3366 1683 3415 fide
1724 3368 1973 3419 nutrimur.
2002 3372 2052 3413 et
2083 3382 2166 3432 per
2203 3365 2427 3429 quaedam

1353 3430 1685 3487 tolerabiliora,
1738 3440 1795 3480 ut
1849 3430 1910 3478 ad
1964 3429 2085 3478 illud
2141 3430 2423 3495 capiendum

1355 3497 1452 3561 apti
1483 3507 1533 3545 et
1567 3496 1748 3545 habiles
1782 3495 2060 3551 efficiamur,
2091 3496 2259 3543 itinera
2292 3494 2425 3543 duci-

1355 3576 1477 3608 mur.
1528 3559 1659 3623 Aug.
1684 3560 1744 3608 de
1764 3560 1896 3608 Trin.
1920 3559 1955 3608 l.
1979 3559 2014 3608 i.
2042 3561 2087 3623 §.
2111 3563 2159 3608 3.
2182 3558 2245 3607 cf.
2282 3559 2426 3607 etiam

1359 3634 1454 3674 not.
1481 3623 1517 3682 f,
1542 3625 1751 3689 proxime
1770 3640 1869 3689 seq.

1423 3695 1447 3722 θ
1499 3689 1798 3754 Subintellig.
1856 3691 1971 3754 quod
2025 3691 2421 3737 demonstraretur.

1359 3755 1384 3819 <
1426 3812 1450 3852 f
1481 3756 1583 3868 veis
1608 3817 1764 3875 nostis,
1786 3826 1943 3867 tamen
1970 3816 2263 3865 credentibus
2282 3830 2428 3881 quam

1362 3884 1659 3932 vehementer
1692 3882 1915 3931 insultare
1945 3880 2147 3939 soleatis,
2175 3880 2426 3945 prasertim

1361 3964 1468 3996 cum
1490 3947 1607 4012 ipse,
1626 3946 1707 4011 qui
1725 3946 1825 4011 jam
1850 3946 1996 4010 eoepit
2018 3945 2199 3992 incerta
2222 3959 2429 4000 narrare,

1362 4013 1553 4077 plenam
1579 4025 1637 4059 ac
1658 4011 1838 4058 firmam
1862 4008 2103 4057 scientiam
2128 4009 2290 4074 paullo
2320 4017 2429 4057 ante

1365 4076 2027 4141 promiserit.—Quapropter,
2073 4081 2157 4121 aut
2208 4087 2267 4121 ea
2320 4086 2429 4135 quae

1360 4141 1475 4189 dicit
1504 4141 1652 4204 proba
1690 4138 1809 4186 mihi
1841 4154 1951 4186 vera
1980 4151 2095 4191 esse,
2128 4145 2181 4184 ut
2214 4138 2431 4185 ostendas

1361 4222 1469 4270 quae
1503 4220 1597 4252 non
1633 4218 1817 4267 possum
1850 4202 2057 4267 credere,
2094 4208 2177 4248 aut
2206 4216 2313 4249 eum
2350 4200 2431 4265 qui

1360 4270 1490 4325 dicit,
1506 4270 1655 4334 proba
1674 4267 1791 4314 mihi
1819 4266 2043 4331 Spiritum
2066 4265 2290 4313 Sanctum
2312 4280 2431 4323 esse,

1365 4343 1418 4383 ut
1439 4333 1629 4383 credam
1653 4347 1761 4396 quse
1777 4347 1869 4380 non
1894 4340 2025 4396 potes
2040 4330 2297 4378 ostendere.
2328 4330 2431 4394 Ego

1364 4414 1572 4463 namque
1611 4396 1890 4445 catholicam
1936 4395 2077 4443 fidem
2118 4394 2350 4460 profiteor.
2384 4400 2435 4443 et

1365 4480 1451 4529 per
1471 4462 1607 4510 illam
1636 4476 1714 4510 me
1744 4462 1805 4510 ad
1839 4468 2015 4509 certam
2047 4457 2292 4508 seientiam
2327 4474 2433 4524 per·

1367 4535 1616 4579 venturum
1647 4540 1751 4576 esse
1783 4540 2045 4591 praesum03
2100 4532 2151 4574 tu
2189 4537 2317 4582 vero,
2352 4523 2435 4588 qui
