3042 5059
693 455 834 532 “278
1263 451 1327 513 S.
1373 448 1891 512 AUGUSTINI
1938 445 2353 508 EPISCOPI

470 616 700 688 xxx-111
803 608 906 667 48.
953 603 1248 666 Laudent
1283 612 1345 666 te
1390 623 1585 686 opera
1611 610 1741 678 tua,
1784 609 1858 663 ut
1896 621 2182 664 amemus
2216 607 2317 675 te3
2363 609 2425 662 et
2456 619 2757 662 amemus
2796 606 2855 662 te
2872 595 2919 673 ⁸,

473 679 693 791 ἑζᾟξῖῧο
713 712 787 768 ut
812 703 1076 768 laudent
1104 713 1164 767 te
1195 723 1394 789 opera
1419 711 1552 781 tua,
1583 724 1728 786 quae
1757 702 2001 765 habent
2028 701 2282 764 initium
2317 710 2381 764 et
2416 700 2616 762 finem
2632 691 2737 763 'ex
2770 711 2917 762 tem·

469 803 568 852 aive
589 804 649 852 <¹0
708 825 886 889 pore,
924 815 1130 868 ortum
1175 814 1240 868 et
1280 825 1604 881 occasum,
1640 803 1997 887 profectum
2040 810 2105 865 et
2148 799 2489 878 defectum,
2528 801 2823 884 speciem
2862 809 2920 862 et

469 883 692 981 32⁶2}ss
705 906 1145 991 privationem.
1237 909 1504 971 Habent
1541 929 1691 990 ergo
1734 906 2197 991 consequentia
2230 925 2418 967 mane
2458 911 2525 966 et
2561 893 2919 985 vesperam,

468 997 555 1044 ἢῆ·
703 1007 935 1091 partim
966 1010 1253 1086 latenter,
1281 1008 1514 1092 partim
1555 1008 1897 1071 evidenter.
1987 1008 2089 1069 De
2130 997 2336 1068 nihilo
2381 1004 2555 1067 enim
2596 1020 2637 1065 a
2670 1011 2761 1079 te,
2791 1024 2919 1065 non

707 1108 786 1170 de
819 1116 880 1170 te
909 1107 1078 1172 facta
1107 1118 1274 1186 sunt,
1303 1129 1434 1171 non
1465 1108 1547 1171 de
1578 1109 1795 1190 aliqua
1822 1128 1957 1168 non
1990 1103 2166 1182 tua‘,
2186 1104 2287 1168 vel
2318 1126 2465 1187 quae
2496 1111 2689 1166 antea
2710 1102 2918 1182 fuerit,
3005 1151 3006 1160 ,

707 1207 822 1271 sed
859 1207 939 1271 de
981 1217 1336 1287 concreata,
1370 1208 1438 1270 id
1483 1217 1584 1271 est
1622 1207 1813 1271 simul
1842 1229 1881 1270 a
1908 1216 1971 1270 te
2004 1215 2213 1270 creata
2242 1204 2507 1268 materia
2524 1228 2542 1282 3
2588 1205 2751 1287 quia
2779 1203 2919 1286 ejus
3005 1223 3006 1226 ’

704 1307 1156 1372 informitatem
1187 1309 1324 1371 sine
1352 1309 1483 1372 ulla
1512 1307 1816 1390 temporis
1844 1305 2332 1390 interpositione
2360 1305 2664 1368 formasti.
2748 1306 2921 1367 Nam

707 1429 855 1472 cum
907 1406 1081 1470 aliud
1133 1407 1217 1470 sit
1266 1407 1414 1470 coeli
1463 1415 1531 1470 et
1582 1415 1763 1470 terrae
1813 1405 2131 1482 materies,
2176 1403 2350 1468 aliud
2404 1405 2556 1468 coeli
2614 1413 2679 1468 et
2738 1414 2918 1468 terrae

707 1508 996 1590 speeies;
1039 1508 1364 1570 materiem
1412 1507 1671 1590 quidem
1719 1505 1799 1570 de
1846 1506 2108 1570 omnino
2152 1505 2381 1582 nihilo,
2426 1505 2654 1568 mundi
2702 1514 2919 1570 autem
3005 1561 3006 1568 ,

707 1608 988 1691 speciem
1031 1607 1109 1670 de
1137 1607 1390 1671 informi
1419 1608 1701 1682 materia,
1732 1608 1921 1671 simul
1958 1616 2171 1671 tamen
2208 1613 2547 1691 utrumque
2581 1607 2825 1683 fecisti,
2854 1616 2923 1670 ut

706 1709 1035 1772 materiam
1063 1709 1283 1788 forma,
1312 1707 1490 1771 nulla
1513 1728 1706 1770 morae
1736 1707 2235 1790 intercapedine,
2266 1717 2654 1791 sequeretur.

471 1826 692 1873 xxxlv
795 1810 897 1871 49.
945 1809 1362 1892 Inspeximus
1389 1809 1580 1871 etiam
1607 1817 1868 1890 propter
1889 1829 2160 1892 quorum
2187 1807 2640 1888 figurationem
2664 1808 2803 1870 ista
2823 1810 2922 1871 vel

469 1886 670 1999 {2232
708 1910 823 1972 tali
851 1909 1072 1972 ordine
1099 1909 1258 1986 fieri,
1287 1909 1390 1972 vel
1418 1909 1531 1972 tali
1558 1909 1779 1972 ordine
1814 1908 2009 1972 scribi
2046 1907 2330 1987 voluisti,
2358 1921 2425 1970 et
2450 1907 2737 1972 vidimus
2770 1909 2921 1993 quia

469 2013 688 2062 nioman·
707 2008 870 2072 bona
915 2017 1068 2072 sunt
1119 2008 1394 2089 singula,
1441 2017 1506 2071 et
1556 2010 1773 2070 omnia
1824 2007 1987 2071 bona
2037 2009 2244 2089 valde,
2288 2009 2355 2071 in
2402 2011 2619 2074 Verbo
2662 2019 2810 2090 tu0,
2857 2011 2921 2072 in

468 2077 656 2202 ἓξὲξ
709 2089 924 2173 Unico
959 2117 1105 2183 tuo;
1149 2112 1375 2172 coelum
1419 2118 1481 2172 et
1528 2117 1793 2186 terram,
1832 2117 2028 2192 eaput
2074 2117 2137 2172 et
2180 2131 2415 2193 corpus
2462 2111 2814 2186 Ecclesiae,
2855 2113 2919 2172 in

468 2205 654 2280 ⁰,¹P⁰S³·
701 2208 1262 2292 'praedestinatione
1313 2217 1461 2271 ante
1507 2208 1722 2272 omnia
1761 2218 2068 2292 tempora,
2110 2210 2247 2272 sine
2293 2231 2480 2272 mane
2522 2219 2587 2272 et
2630 2230 2919 2293 vespera.

469 2279 550 2318 ω’
710 2310 846 2375 Ubi
901 2319 1113 2373 autem
1169 2310 1426 2392 coepisti
1491 2311 1945 2394 praedestinata
1998 2312 2432 2394 temporaliter
2487 2313 2794 2396 exsequi,
2852 2321 2922 2374 ut

707 2411 962 2474 occulta
1021 2411 1480 2488 manifestareS,
1547 2419 1611 2474 et
1672 2413 2103 2496 incomposita
2173 2421 2391 2476 nostra
2457 2432 2887 2495 componeres
2902 2437 2919 2490 3

707 2513 1012 2597 quoniam
1071 2534 1264 2595 super
1311 2533 1430 2574 nos
1479 2521 1658 2576 erant
1698 2521 1971 2596 peccata
2018 2521 2255 2593 nostra,
2297 2521 2363 2576 et
2410 2515 2479 2577 in
2524 2513 2919 2597 profundum

705 2614 1110 2676 tenebrosum
1150 2615 1507 2678 abieramus
1550 2615 1666 2676 abs
1709 2624 1795 2693 te,
1825 2624 1889 2677 et
1931 2616 2221 2696 Spiritus
2256 2623 2411 2678 tuus
2446 2616 2662 2678 bonus
2692 2637 2920 2697 super-

685 2714 1036 2798 ferebatur
1077 2715 1159 2778 ad
1199 2714 1707 2784 subveniendum
1748 2717 1938 2780 nobis
1964 2719 2039 2779 in
2068 2725 2347 2798 tempore
2385 2727 2749 2799 opportuno
2768 2743 2787 2780 :
2858 2727 2922 2784 et

694 2815 1070 2900 justificasti
1105 2817 1364 2901 impios,
1393 2827 1458 2880 et
1490 2818 1859 2882 distinxisti
1899 2841 2011 2883 eos
2048 2821 2131 2883 ab
2173 2821 2453 2905 iniquis3
2516 2831 2583 2885 et
2622 2822 2920 2886 solidasti
3005 2881 3006 2886 ,

707 2917 1146 2982 auctoritatem
1176 2918 1357 2981 Libri
1385 2920 1479 2983 tui
1510 2919 1677 2983 inter
1712 2922 2069 3004 superiores
2100 2921 2212 3006 qui
2247 2923 2366 2987 tibi
2401 2922 2649 2987 dociles
2679 2932 2921 3001 essent,
3005 2913 3006 2922 ἵ

707 3022 774 3078 et
808 3015 1135 3080 inferiores
1174 3017 1288 3101 qui
1329 3015 1422 3079 eis
1473 3017 1927 3097 subderentur3
1994 3029 2059 3084 et
2097 3023 2496 3103 conyreqasti
2540 3017 2921 3084 societatem

703 3116 1064 3180 infidelium
1120 3118 1192 3180 in
1248 3139 1449 3181 unam
1511 3119 2071 3202 conspirationem,
2129 3129 2203 3184 ut
2258 3130 2640 3206 apparerent
2702 3121 2925 3185 studia

706 3216 1017 3296 fidelium,
1068 3228 1135 3281 et
1185 3218 1300 3282 tibi
1357 3240 1556 3302 opera
1598 3220 2049 3285 misericordia·
2097 3231 2411 3305 parerent,
2458 3223 2922 3286 distribuentes

707 3318 898 3381 etiam
940 3319 1331 3403 pauperibus
1367 3328 1645 3384 terrenas
1687 3321 2024 3386 facultates
2064 3324 2148 3387 ad
2184 3323 2575 3409 acquirenda
2602 3326 2917 3390 coelestia.
3005 3357 3006 3416 3

702 3419 797 3482 Et
821 3419 972 3482 inde
1001 3419 1351 3484 accendisti
1379 3420 1675 3504 quaedam
1702 3424 2062 3487 luminaria
2089 3427 2623 3506 infit-mamertia,
2645 3429 2919 3490 verbum
3005 3417 3006 3450 ³

703 3519 851 3582 vitae
901 3521 1212 3585 habentes
1261 3531 1520 3586 sanctos
1577 3531 1743 3600 tuOS,
1793 3531 1859 3586 et
1908 3525 2347 3608 spiritualibus
2398 3527 2584 3590 donis
2641 3529 2920 3610 praelata
3005 3523 3006 3556 ⁴

705 3620 965 3683 sublimi
999 3620 1372 3684 auctoritate
1398 3621 1749 3703 fulgentes:
1797 3635 1862 3688 et
1886 3613 2037 3689 inde
2075 3625 2157 3690 ad
2196 3627 2577 3692 imbuendas
2612 3628 2919 3692 infideles

706 3725 945 3798 genteS,
985 3719 1396 3786 Sacramenta
1431 3732 1496 3787 et
1537 3724 1845 3788 miracula
1878 3727 2178 3804 visibilia,
2208 3751 2529 3813 vocesque
2570 3732 2917 3792 verborum

701 3820 1052 3883 secundum
1075 3821 1583 3901 firmamentum
1616 3823 1795 3887 Libri
1835 3825 1949 3906 tui,
1979 3827 2216 3908 quibus
2246 3827 2438 3890 etiam
2468 3829 2697 3892 fideles
2728 3829 2916 3893 bene—
3005 3819 3006 3826 ἵ

701 3921 1095 3999 dicerentur,
1137 3943 1222 3985 ex
1265 3923 1531 3986 materia
1567 3925 1880 4008 corporali
1920 3927 2321 4010 produxisti:
2376 3937 2442 3992 et
2471 3929 2706 3993 deinde
2752 3930 2914 3994 fide·
3004 3999 3006 4008 ,

701 4021 859 4084 lium
889 4023 1166 4086 animam
1193 4023 1406 4086 vivam
1432 4045 1552 4108 per
1577 4027 1845 4090 affectus
1882 4027 2205 4092 ordinatos
2246 4030 2659 4094 continentiae
2690 4032 2916 4112 vigore
3005 4047 3006 4094 ὲ

701 4121 1060 4202 formasti‘3
1106 4131 1298 4208 atque
1337 4125 1489 4188 inde
1535 4125 1653 4189 tibi
1698 4127 1818 4190 soli
1856 4136 2133 4226 mentem
2174 4130 2519 4209 subditam,
2562 4141 2631 4194 et
2666 4135 2913 4197 nullius

703 4291 957 4340 admodum
991 4290 1084 4342 fere
1108 4294 1236 4342 Gen.
1258 4295 1307 4352 3,
1337 4295 1412 4342 16.
1441 4293 1769 4359 interpretatur
1832 4295 1879 4344 id
1900 4304 1987 4354 est,
2008 4296 2058 4346 in
2076 4300 2287 4348 masculo
2303 4308 2351 4348 et
2365 4298 2555 4358 femina,
2572 4300 2722 4350 etiam
2743 4301 2795 4350 in
2817 4317 2910 4351 uno

707 4355 836 4418 Aug.
869 4356 928 4404 de
969 4357 1097 4406 Gen.
1134 4374 1180 4407 c.
1212 4358 1428 4406 Manich.
1458 4358 1490 4406 1.
1522 4357 1567 4405 ii.
1608 4358 1653 4419 §.
1692 4360 1767 4407 15.
1832 4359 2019 4410 homine
2044 4363 2325 4412 considerari
2349 4364 2519 4429 possit:
2558 4373 2609 4414 ut
2640 4358 2907 4432 appetitum

703 4419 783 4466 Ad
804 4418 944 4482 hujus
965 4421 1030 4469 rei
1049 4423 1317 4487 exemplum
1337 4422 1510 4470 femina
1532 4421 1657 4470 facta
1680 4430 1765 4479 est,
1832 4423 2022 4481 animae,
2056 4442 2138 4492 per
2173 4443 2314 4492 quem
2349 4431 2409 4477 de
2443 4431 2672 4479 membris
2704 4431 2907 4496 eorporis

701 4497 842 4544 quam
865 4498 1018 4532 rerum
1040 4487 1152 4533 ordo
1172 4487 1393 4549 subjugat
1403 4485 1531 4534 viro:
1568 4491 1621 4534 ut
1641 4487 1765 4550 quod
1832 4503 2095 4552 operamur,
2116 4491 2291 4542 habeat
2306 4509 2439 4542 mens
2454 4493 2644 4546 interior
2662 4503 2905 4561 tamquam

702 4545 751 4594 in
775 4547 961 4595 duobus
980 4549 1241 4599 hominibus
1268 4549 1522 4600 evidentius
1556 4559 1765 4615 apparet,
1831 4552 1977 4603 virilis
1997 4555 2113 4606 ratio
2133 4555 2457 4622 subjugatum.
