3042 5059
720 341 1444 425 coNFESSIONUM
1490 362 1774 428 LIBER
1814 361 1940 424 xl.
2306 368 2434 426 209

215 511 452 578 artifex
495 513 774 577 formans
817 535 1054 598 corpus
1097 513 1176 578 de
1221 535 1506 598 corpore,
1538 517 1841 580 arbitratu
1887 516 2115 580 animae
2159 517 2433 580 valentis

212 613 548 696 imponere
575 623 928 698 utcumque
959 615 1240 698 speciem
1269 636 1464 698 quam
1495 617 1697 678 cernit
1715 616 1782 678 in
1815 617 2157 699 semetipsa
2182 615 2431 681 interno

212 717 409 779 oculo
420 721 462 778 ³.
552 717 642 779 Et
677 717 850 780 unde
887 719 1013 782 hoc
1058 719 1316 795 valeret,
1343 718 1469 781 nisi
1515 719 1671 802 quia
1712 726 1785 780 tu
1822 708 2026 782 fecisti
2071 718 2252 782 eam?
2342 724 2435 786 Et

211 812 498 897 imponit
551 816 835 898 speciem
873 815 1012 900 jam
1060 818 1364 882 existenti
1415 827 1482 882 et
1530 819 1795 881 habenti
1844 827 1917 881 ut
1972 828 2174 896 esset3
2234 819 2433 882 veluti

211 920 422 991 terrae,
453 924 564 978 aut
595 915 822 997 lapidi,
851 925 965 980 aut
999 917 1199 999 lign0,
1229 926 1341 982 aut
1377 939 1555 995 auro,
1584 927 1697 982 aut
1720 917 1793 979 id
1830 939 2033 999 genus
2060 939 2267 982 rerum
2296 921 2430 982 cui-

206 1014 394 1076 libet.
502 1017 594 1078 Et
647 1016 820 1079 unde
874 1016 1000 1080 ista
1060 1028 1297 1095 essent,
1351 1018 1476 1080 nisi
1537 1027 1607 1082 tu
1656 1018 2045 1082 instituisses
2098 1018 2217 1083 ea?
2326 1021 2433 1082 Tu

207 1114 400 1177 fabro
449 1137 704 1198 corpus,
747 1126 820 1179 tu
869 1118 1154 1181 animum
1203 1118 1506 1182 membris
1552 1119 2021 1201 imperitantem
2070 1120 2316 1200 fecisti3
2360 1128 2433 1183 tu

208 1216 546 1278 materiam
585 1216 757 1280 unde
793 1218 948 1281 facit
984 1217 1262 1302 aliquid3
1311 1231 1384 1282 tu
1424 1219 1757 1301 ingenium
1802 1241 1931 1304 quo
1968 1229 2163 1284 artem
2198 1221 2431 1304 capiat,

209 1325 279 1380 et
307 1317 524 1381 videat
549 1320 723 1384 intus
745 1320 905 1405 quid
933 1321 1129 1386 saciat
1157 1321 1342 1398 foris;
1387 1331 1458 1386 tu
1487 1344 1745 1386 sensum
1766 1323 2051 1405 corporis
2082 1345 2211 1407 quo
2240 1323 2431 1386 inter·-

209 1425 398 1499 prete
429 1419 702 1504 trajiciat
731 1423 813 1484 ab
845 1422 1058 1486 animo
1081 1422 1164 1486 ad
1185 1423 1514 1487 materiam
1538 1423 1607 1486 id
1630 1421 1807 1507 quod
1828 1423 2003 1500 facit,
2020 1431 2086 1486 et
2112 1424 2435 1487 renuntiet

213 1519 434 1581 animo
467 1519 624 1603 quid
652 1523 892 1586 factum
921 1523 1040 1600 sit;
1089 1531 1160 1586 ut
1187 1524 1298 1586 ille
1319 1525 1492 1586 intus
1523 1526 1815 1588 consulat
1836 1524 2283 1607 praesidentem
2308 1525 2432 1588 sibi

208 1620 566 1698 veritatem,
595 1643 679 1686 an
708 1624 874 1686 bene
908 1624 1148 1688 factum
1179 1623 1279 1686 sit.
1369 1625 1465 1687 Te
1493 1623 1761 1688 laudant
1776 1622 1803 1652 ³
1834 1625 1975 1688 haec
2014 1625 2230 1688 omnia
2260 1646 2429 1688 crea-

209 1731 416 1786 torem
455 1725 774 1789 omnium:
823 1727 938 1790 sed
968 1735 1038 1790 tu
1082 1727 1408 1811 quomodo
1452 1728 1613 1792 sacis
1659 1726 1777 1791 ea?
1826 1727 2149 1811 quomodo
2174 1729 2431 1810 fecisti,

209 1824 420 1901 Deus,
449 1829 684 1889 coelum
713 1834 779 1890 et
811 1834 1054 1891 terram
1077 1827 1110 1888 ,9
1183 1831 1344 1892 -Non
1373 1829 1597 1913 utique
1628 1829 1694 1890 in
1725 1830 1891 1902 coelo
1921 1850 2132 1912 neque
2168 1829 2240 1891 in
2269 1838 2433 1892 terra

192 1926 438 2006 fecisti
465 1929 700 1990 coelum
730 1935 795 1990 et
827 1937 1068 1991 terram
1082 1956 1104 1998 ;
1145 1951 1358 2013 neque
1385 1930 1456 1991 in
1485 1950 1630 1993 aere
1652 1937 1762 1994 aut
1790 1929 1859 1992 in
1890 1930 2097 2014 aquiS,
2128 1930 2433 2013 quoniam

207 2033 282 2087 et
328 2026 472 2089 haec
521 2028 844 2108 pertinent
893 2028 976 2091 ad
1023 2031 1260 2093 coelum
1310 2038 1375 2092 et
1423 2038 1688 2093 terram:
1734 2051 1945 2114 neque
2002 2031 2071 2092 in
2128 2029 2428 2092 universo

208 2125 460 2189 mundo
507 2125 718 2190 fecisti
769 2127 1136 2192 universum
1185 2129 1516 2207 mundum,
1549 2131 1701 2214 quia
1742 2150 1875 2193 non
1919 2139 2053 2194 erat
2093 2130 2205 2193 ubi
2252 2129 2432 2193 fieret

207 2233 558 2309 antequam
609 2227 791 2291 fieret
833 2236 908 2291 ut
949 2237 1134 2292 esset.
1226 2231 1364 2294 Nec
1415 2251 1613 2294 manu
1658 2233 1921 2294 tenebas
1966 2229 2215 2314 aliquid
2258 2229 2428 2294 unde

183 2327 460 2408 faceres
501 2329 736 2390 coelum
779 2338 848 2392 et
891 2336 1133 2392 terram
1146 2356 1170 2400 ,·
1218 2350 1368 2393 nam
1411 2330 1585 2394 unde
1629 2331 1749 2394 tibi
1792 2331 1918 2394 hoc
1966 2330 2142 2414 quod
2183 2339 2255 2394 tu
2296 2352 2429 2394 non

205 2427 474 2506 feceras,
511 2428 685 2492 unde
729 2430 975 2514 aliquid
1017 2429 1302 2495 faceres?
1394 2429 1571 2503 Quid
1614 2431 1785 2494 enim
1829 2439 1949 2507 est,
1986 2430 2115 2494 nisi
2158 2431 2316 2515 quia
2358 2441 2428 2494 tu

205 2529 326 2594 es?
414 2532 596 2612 Ergo
623 2533 879 2610 dia-isti,
901 2536 1178 2616 etfacta
1205 2543 1380 2612 sunt,
1412 2543 1605 2619 atque
1636 2537 1707 2596 in
1737 2533 1919 2597 verbo
1942 2541 2052 2596 tuo
2061 2534 2295 2616 fecisti
2324 2554 2421 2596 ea.
2440 2513 2648 2626 ξ’·δῗῖ(

299 2635 361 2693 8.
407 2631 541 2695 Sed
581 2632 908 2716 quomodo
948 2633 1216 2699 dixisti?
1309 2633 1650 2719 Numquid
1692 2635 1805 2697 illo
1850 2634 2043 2696 modo
2084 2655 2213 2717 quo
2257 2633 2426 2696 facta
2507 2664 2601 2712 w,

205 2740 312 2798 est
351 2754 480 2795 vox
519 2733 600 2796 de
635 2736 827 2812 nube,
857 2735 1114 2800 dicens:
1162 2738 1298 2799 Hic
1336 2745 1432 2800 est
1453 2738 1658 2818 filius
1692 2757 1873 2798 meus
1914 2733 2235 2798 dilectus?
2303 2736 2427 2798 Illa
2442 2729 2653 2840 dQuBmo-

204 2834 382 2896 enim
411 2855 546 2895 vox
571 2843 721 2898 acta
748 2843 941 2920 atque
965 2844 1284 2901 transacta
1303 2844 1422 2913 est,
1445 2845 1663 2920 coepta
1690 2844 1757 2900 et
1787 2836 1986 2898 finita.
2064 2836 2427 2900 sonuerunt
2440 2807 2664 2912 dioxitffi:

207 2935 478 3017 syllabae
521 2941 716 3018 atque
757 2937 1164 3014 transienmt,
1199 2937 1483 3002 secunda
1521 2945 1677 3020 post
1721 2938 2015 3020 primam,
2056 2937 2243 3000 tertia
2277 2944 2429 3019 post
2441 2922 2647 3033 {inextin-

203 3033 580 3111 secundam,
611 3043 804 3118 atque
848 3035 998 3099 inde
1043 3057 1128 3100 ex
1153 3037 1416 3113 ordine,
1445 3036 1651 3100 donec
1690 3037 1917 3101 ultima
1953 3046 2104 3119 post
2141 3045 2425 3112 caeteras,
2442 3064 2567 3110 Mat.
2588 3019 2666 3118 3‚⁰

203 3134 664 3218 silentiumque
692 3144 843 3218 post
867 3137 1177 3201 ultimam.
1269 3137 1462 3202 Unde
1492 3139 1689 3200 claret
1724 3146 1918 3221 atque
1958 3138 2216 3214 eminet,
2248 3136 2425 3220 quod
2445 3128 2503 3238 {3
2516 3138 2623 3239 *³50³

203 3244 514 3298 creaturae
541 3247 751 3299 motus
781 3237 1101 3320 expressit
1135 3259 1297 3317 eam,
1328 3238 1609 3300 serviens
1648 3245 1903 3301 aeternae
1943 3237 2257 3301 voluntati
2296 3246 2423 3301 tuae
2510 3227 2522 3248 '
2585 3227 2597 3240 ’

201 3333 350 3417 ipse
380 3337 770 3418 temporalis
859 3339 949 3401 Et
974 3337 1115 3401 haec
1149 3337 1234 3401 ad
1261 3347 1516 3421 tempus
1545 3337 1715 3402 facta
1743 3339 1939 3402 verba
1966 3348 2081 3402 tua
2108 3337 2427 3401 nuntiavit

202 3435 380 3498 auris
419 3437 698 3500 exterior
739 3438 938 3500 menti
975 3437 1297 3521 prudenti,
1327 3439 1512 3523 cujus
1556 3439 1727 3502 auris
1769 3439 2031 3502 interior
2072 3439 2285 3521 posita
2328 3450 2427 3503 est

203 3535 290 3598 ad
343 3543 652 3599 aeternum
697 3539 979 3601 Verbum
1028 3539 1228 3601 tuum.
1315 3539 1404 3602 At
1444 3539 1560 3603 illa
1608 3540 2005 3622 comparavit
2044 3539 2187 3603 haec
2230 3540 2427 3602 verba

204 3637 646 3719 temporaliter
687 3639 1000 3717 sonantia,
1039 3659 1188 3702 cum
1239 3646 1476 3702 aeterno
1519 3639 1587 3702 in
1633 3640 1887 3702 silentio
1928 3641 2143 3702 Verbo
2188 3648 2321 3716 tue,
2359 3648 2425 3702 et

203 3734 410 3800 dixit:
455 3737 496 3770 “
519 3738 716 3802 Aliud
744 3747 861 3818 est,
882 3740 1074 3821 longe
1103 3738 1280 3802 aliud
1308 3741 1462 3802 est.’'
1528 3741 1697 3804 Haec
1713 3743 1907 3821 longe
1923 3740 2089 3802 infra
2114 3762 2218 3804 me
2240 3752 2419 3814 sunt3

200 3858 327 3900 nec
359 3846 531 3916 sunt,
555 3839 709 3922 quia
735 3839 994 3921 fugiunt
1021 3851 1086 3904 et
1101 3847 1519 3922 praetereunt:
1579 3839 1843 3903 Verbum
1866 3848 2086 3902 autem
2108 3842 2380 3902 Domini
2389 3838 2420 3866 ⁸

201 3937 332 3999 mei
364 3959 562 4021 supra
586 3962 691 4003 me
718 3948 941 4004 manet
978 3942 1050 4002 in
1079 3948 1413 4002 oeternum.
1501 3939 1576 4002 Si
1614 3961 1765 4020 ergo
1794 3939 2005 4002 verbis
2045 3931 2421 4001 sonantibus

201 4044 270 4099 et
307 4039 842 4121 praetereuntibus
873 4040 1099 4102 dixisti
1141 4048 1216 4102 ut
1235 4041 1446 4120 fieret
1485 4041 1718 4102 coelum
1758 4047 1823 4101 et
1868 4047 2066 4114 terra,
2098 4046 2291 4122 atque
2327 4039 2421 4101 ita

184 4143 427 4224 fecisti
475 4145 710 4206 coelum
760 4152 826 4207 et
879 4153 1145 4222 terram,
1183 4151 1318 4206 erat
1356 4143 1512 4228 jam
1542 4150 1829 4206 creatura
1878 4140 2225 4225 corporalis
2273 4148 2419 4204 ante

203 4244 442 4306 coelum
473 4252 538 4307 et
567 4253 816 4323 terram,
845 4246 1028 4329 cujus
1057 4243 1336 4308 motibus
1358 4244 1815 4330 temporalibus
1833 4243 2264 4326 temporaliter
2290 4263 2419 4304 vox

199 4347 318 4410 illa
344 4355 755 4429 percurreret.
847 4349 1112 4410 Nullum
1143 4355 1356 4411 autem
1377 4369 1611 4430 corpus
1632 4355 1778 4424 ante
1810 4347 2041 4409 coelum
2073 4354 2137 4409 et
2163 4353 2417 4412 terrama

1081 4476 1106 4513 z
1144 4469 1257 4518 vid.
1282 4470 1316 4517 1.
1339 4485 1389 4516 x.
1414 4470 1454 4532 ς.
1479 4471 1560 4519 53.

1282 4567 1322 4611 Ρ
