3042 5059
616 347 1333 415 CONFESSIONUM
1378 350 1663 415 LIBER
1706 351 1901 413 VIII.
2184 370 2188 375 ’
2233 347 2353 415 127

181 506 490 589 diligebat.
579 504 850 568 Narravi
879 504 940 567 ei
969 504 1273 568 circuitus
1301 504 1529 568 erroris
1556 504 1702 567 mei.
1792 504 1931 569 Ubi
1949 511 2163 569 autem
2185 525 2358 568 com·
2375 514 2555 565 rhetore

178 606 500 671 memoravi
531 606 765 686 legisse
793 626 896 669 me
927 605 1240 689 quosdam
1269 606 1470 669 libros
1498 605 1999 680 Platonicorum,
2020 625 2184 689 quos
2213 607 2363 671 Vic-
2378 596 2569 693 {gmet-

177 710 401 774 torinus
426 708 753 790 quondam
790 708 1004 771 rhetor
1047 707 1224 772 urbis
1263 710 1510 785 Romae,
1542 730 1734 791 quem
1777 706 2214 771 Christianum
2250 709 2359 772 de-

177 814 444 875 functum
473 830 612 873 esse
641 809 986 886 audieram,
1001 810 1072 871 in
1089 809 1388 873 Latinam
1407 810 1696 891 linguam
1715 808 2170 884 transtulisset3
2219 830 2358 889 gra-

175 915 394 977 tulatus
421 917 520 980 est
546 911 710 973 mihi
739 910 914 993 quod
951 932 1083 972 non
1126 911 1193 972 in
1237 910 1502 973 aliorum
1547 909 2079 992 philosophorum
2122 910 2361 993 scripta

174 1012 543 1088 incidissem,
572 1012 768 1093 plena
774 1011 1216 1092 fallaciarum
1261 1019 1329 1073 et
1369 1010 1818 1093 deceptionum
1853 1012 2206 1073 secundum
2236 1013 2359 1073 ele-
2378 1024 2485 1075 Col.
2506 1030 2556 1083 2,

173 1121 374 1177 menta
398 1112 598 1195 hujus
627 1111 889 1173 mundi.-
937 1110 1009 1172 in
1036 1110 1180 1173 istis
1207 1116 1441 1189 autem,
1472 1110 1770 1173 omnibus
1798 1110 2011 1173 modis
2048 1111 2362 1176 insinuari
2375 1090 2423 1137 ⁸·

175 1215 371 1277 Deum
398 1220 463 1276 et
492 1212 634 1295 ejus
663 1212 944 1281 Verbum
962 1212 1006 1272 ⁶.
1095 1210 1372 1289 Deinde,
1400 1219 1473 1274 ut
1499 1232 1601 1273 me
1641 1210 2082 1274 exhortaretur
2117 1212 2201 1275 ad
2239 1214 2357 1276 hu-

173 1314 482 1377 militatem
513 1312 778 1389 Christi,
807 1310 1200 1393 sapientibus
1225 1310 1665 1375 absconditam
1710 1320 1775 1374 et
1816 1314 2164 1377 revelatam
2193 1334 2357 1394 par·
2374 1330 2496 1379 Mat.
2512 1334 2533 1379 1
2548 1336 2590 1392 ι,

174 1417 338 1491 vulis,
368 1413 809 1478 Victorinum⁶
850 1412 1066 1496 ipsum
1101 1411 1468 1475 recordatus
1514 1420 1633 1490 est,
1679 1434 1892 1496 quem,
1936 1415 2165 1478 Romae
2206 1438 2353 1481 cum
2368 1395 2451 1445 ²⁵·

174 1523 341 1593 esset,
368 1513 860 1577 familiarissime
887 1520 1175 1576 noverat:
1225 1513 1305 1575 de
1344 1535 1474 1598 quo
1516 1514 1626 1577 ille
1668 1514 1829 1575 mihi
1865 1516 2143 1579 narravit
2180 1517 2356 1601 quod

173 1637 288 1679 non
313 1614 528 1677 sileb0.
622 1615 846 1677 Habet
889 1614 1059 1677 enim
1098 1634 1398 1694 magnam
1432 1612 1691 1677 laudem
1732 1615 1950 1696 gratiae
1989 1624 2115 1680 tuae
2152 1618 2353 1681 confi-

175 1716 403 1781 tendam
429 1714 572 1791 tibi,
605 1714 1142 1799 quemadmodum
1169 1714 1280 1777 ille
1310 1713 1719 1779 doctissimus
1744 1736 1966 1793 senex,
1986 1724 2050 1779 et
2066 1718 2353 1782 omnium

171 1817 500 1881 liberalium
546 1814 981 1877 doctrinarum
1030 1814 1478 1897 peritissimuS,
1525 1814 1768 1897 quique
1816 1817 2351 1901 philosophorum

172 1929 286 1983 tam
335 1919 532 1980 multa
584 1918 846 1997 legerat,
898 1924 964 1978 et
1011 1913 1547 1999 dijudicaverat'3
1611 1915 1835 1979 doctor
1892 1925 1989 1980 tot
2035 1918 2349 1983 nobilium

171 2028 524 2095 senatorum,
579 2018 693 2102 qui
739 2018 932 2080 etiam
983 2018 1068 2080 ob
1115 2016 1369 2096 insigne
1417 2016 1709 2099 praeclari
1756 2018 2127 2098 magisterii,
2173 2020 2350 2103 quod

171 2123 322 2187 cives
347 2121 534 2205 hujus
572 2120 798 2183 mundi
837 2119 1148 2183 eximium
1184 2126 1436 2201 putant,
1467 2128 1739 2183 statuam
1779 2120 1849 2181 in
1880 2122 2175 2185 Romano
2210 2124 2349 2187 foro

170 2231 454 2289 meruerat
515 2232 586 2287 et
642 2230 1008 2305 acceperat3
1073 2243 1278 2305 usque
1333 2220 1417 2283 ad
1469 2222 1650 2284 illam
1710 2229 1961 2286 aetatem
2020 2232 2349 2288 venerator

169 2328 476 2399 idolorum,
521 2344 974 2405 sacrorumque
1018 2322 1468 2403 sacrilegorum
1517 2322 1864 2407 particepS,
1910 2324 2149 2407 quibus
2192 2332 2345 2389 tunc

169 2436 286 2492 tota
309 2426 429 2489 fere
457 2428 760 2489 Romana
795 2422 1100 2485 nobilitas
1137 2422 1360 2485 inflata
1398 2422 1755 2504 inspirabat
1788 2425 2066 2507 populos
2098 2424 2236 2509 jam
2282 2434 2348 2490 et

169 2528 554 2609 omnigenum
596 2525 786 2588 deum
823 2530 1106 2586 monstra
1116 2520 1168 2599 ⁴,
1198 2529 1264 2584 et
1299 2522 1597 2585 Anubem
1633 2524 2014 2602 latratorem,
2046 2548 2191 2609 quae
2230 2527 2345 2589 ali-

169 2628 399 2712 quando
422 2628 462 2661 “
482 2628 730 2691 Contra
749 2626 1127 2707 Neptunum
1144 2629 1209 2684 et
1226 2624 1561 2698 Venerem,
1580 2631 1929 2707 contraque
1947 2626 2343 2689 Minervam''

165 2734 276 2795 tela
307 2738 638 2795 tenuerant
650 2724 684 2806 ‘,
729 2735 793 2791 et
833 2750 872 2790 a
912 2748 979 2790 se
1022 2725 1211 2790 victis
1235 2724 1373 2809 jam
1419 2728 1629 2789 Roma
1672 2728 2148 2809 supplicabat‘3
2199 2751 2343 2812 quae

165 2833 274 2895 ista
297 2853 489 2894 senex
517 2830 888 2893 Victorinus
917 2835 1013 2891 tot
1049 2846 1252 2890 annos
1291 2846 1398 2888 ore
1437 2827 1780 2910 terricrepo
1827 2828 2338 2893 defensitaverat:

161 2954 278 2995 non
304 2931 622 2995 erubuerit
657 2950 796 2992 esse
833 2949 994 3010 puer
1032 2926 1273 2991 Christi
1317 2926 1433 3004 tui,
1463 2934 1529 2989 et
1565 2927 1776 2991 infans
1813 2928 2007 2991 fontis
2046 2932 2162 3010 tui,
2192 2932 2339 2993 sub-

154 3032 308 3117 jecto
337 3034 501 3097 collo
532 3031 622 3095 ad
646 3028 1026 3093 humilitatis
1053 3027 1306 3111 jugum,
1337 3035 1404 3090 et
1435 3027 1715 3090 edomita
1755 3028 1961 3093 fronte
2005 3029 2087 3093 ad
2128 3030 2337 3093 crucis

162 3137 572 3219 opprobrium.

1273 3341 1360 3389 sub
1386 3341 1665 3391 Constantio
1698 3342 1907 3408 principe
1941 3342 2217 3394 rhetoricam
2254 3345 2339 3394 do·

164 3354 220 3401 et,
237 3346 350 3409 quod
370 3342 475 3409 plus
496 3351 586 3402 est,
602 3350 808 3405 paterne
822 3340 983 3405 gratiae
1001 3356 1208 3391 amorem

1275 3405 1390 3459 cuit,
1414 3414 1461 3453 et
1485 3407 1531 3452 in
1555 3414 1765 3455 extrema
1796 3416 2051 3464 senectute,
2076 3409 2252 3458 Christi
2287 3425 2338 3459 se

165 3404 464 3473 recognosco.’'
481 3410 586 3471 (Id.
605 3410 693 3473 Ep.
708 3409 812 3465 35.)
839 3408 1086 3455 Parentem
1101 3422 1209 3455 vero

163 3488 255 3521 eum
270 3474 366 3521 ideo
385 3476 582 3521 vocAsse
601 3472 847 3535 conjicitur
867 3471 994 3535 quod
1013 3486 1122 3518 eum
1147 3471 1208 3518 ad

165 3537 424 3603 baptismum
462 3536 808 3601 suscipiendum
845 3536 1206 3600 praeparavcrit3

164 3598 291 3665 Aug¹.
309 3610 458 3651 autem
475 3604 622 3651 verba
639 3602 686 3649 id
703 3601 856 3665 potius
871 3601 1073 3648 innuunt
1089 3601 1204 3646 Am·

165 3666 343 3715 brosium
365 3682 470 3715 eum
491 3667 594 3730 ipso
615 3673 908 3714 sacramento
928 3664 1162 3711 imbuisse.

220 3730 243 3767 ἆ
273 3731 405 3789 Quod
439 3730 622 3781 initium
656 3730 806 3777 sancti
845 3728 1104 3790 Evangelii,
1128 3728 1206 3776 cui

167 3808 312 3843 nomen
339 3804 408 3843 est
433 3794 691 3843 secundum
725 3794 979 3845 Joannem,
1013 3792 1204 3854 quidam

169 3856 429 3914 Platonica,
453 3858 578 3908 sicut
609 3872 636 3905 a
671 3866 835 3905 sancto
867 3872 978 3905 sene
1013 3856 1200 3919 Simpli-

165 3920 300 3979 ciano,
317 3924 394 3987 qui
417 3932 576 3988 postea
601 3920 950 3971 Mediolanensi
973 3920 1203 3968 Ecclesiae

163 3988 413 4049 praesidebat
435 3988 712 4052 Episcopus,
735 3986 1001 4034 solebamus
1024 3983 1202 4039 andire,

165 4051 297 4099 aureis
314 4051 456 4099 literis
476 4051 859 4100 conscribendum
869 4086 880 4104 ,
890 4058 938 4097 et
952 4064 1035 4110 per
1043 4062 1206 4095 omnes

164 4114 378 4166 Ecclesias
405 4116 453 4164 in
488 4115 604 4163 locis
639 4112 1017 4161 eminentissimis
1039 4127 1206 4177 propo·

164 4180 350 4227 nendum
381 4196 483 4228 esse
522 4179 723 4228 dicebat.
801 4178 898 4227 Sed
933 4176 1038 4224 ideo
1071 4176 1205 4223 viluit

161 4244 349 4307 superbis
377 4244 513 4293 Deus
534 4244 614 4292 ille
637 4242 876 4307 magister.
897 4241 1008 4304 quia
1030 4248 1063 4268 ‘¹
1082 4241 1202 4287 Ver-

161 4306 260 4355 bum
271 4323 372 4357 caro
381 4308 558 4357 factum
571 4316 694 4357 estet
709 4306 934 4355 habitavit
953 4306 1004 4352 in
1019 4302 1204 4353 nobis.’'

164 4370 277 4435 Aug.
299 4372 356 4421 de
377 4372 479 4421 Civ.
508 4372 618 4427 Dei,
641 4388 688 4419 x.
712 4387 758 4419 c.
781 4372 864 4419 29.

215 4442 236 4469 θ
269 4444 299 4468 “
320 4436 606 4495 Victorinus,
647 4436 831 4484 natione
868 4434 1000 4489 Afer,
1039 4433 1202 4483 Romae

1272 3470 1460 3517 tradens
1503 3469 1630 3529 fidei,
1679 3470 1861 3535 scripsit
1903 3473 2126 3522 adversus
2168 3474 2337 3522 Arium

1271 3533 1414 3582 libros
1436 3549 1563 3581 more
1582 3534 1829 3583 dialectico
1848 3537 1987 3585 valde
2004 3538 2243 3595 obscuros,
2256 3539 2338 3603 qui

1271 3596 1360 3645 nisi
1386 3598 1446 3646 ab
1456 3598 1665 3673 ‘eru-ditis
1684 3614 1775 3647 non
1794 3600 2135 3675 intelliguntur,
2148 3610 2195 3650 et
2211 3619 2339 3650 com·

1271 3670 1596 3775 fitzfflffi?
1627 3664 2339 3780 ‘tl'ffisshztamflzimeffditss

1269 3760 1430 3838 scribit
1451 3761 1730 3839 Gennadius
1752 3793 1811 3841 de
1826 3792 1953 3841 Virr.
1977 3763 2060 3841 1⁹11.
2080 3810 2125 3842 c.
2139 3794 2210 3842 lx.
2227 3766 2337 3843 euni

1268 3862 1302 3884 ‘⁶
1322 3864 1687 3903 commentatum
1712 3855 1852 3904 fuisse
1867 3856 2135 3905 Christiano
2145 3858 2335 3919 quidem

1268 3928 1317 3966 et
1329 3917 1404 3983 pio
1415 3934 1556 3967 sensu
1568 3938 1583 3977 ;
1602 3918 1685 3967 sed
1700 3928 1857 3985 utpote
1868 3920 2087 3993 smculari
2098 3920 2334 3995 literatura

1267 3983 1780 4119 3?51¹;??†”s⁵.?5;‚‘{¹.?;÷.⁰‘
1802 3983 2335 4101 ‘gssssssssiiaffiiffiissssssssss

1270 4110 1487 4175 ponderis
1502 4114 1781 4159 sententiam
1799 4110 2061 4173 figuravit.''
2074 4111 2328 4160 cf.Hieron.

1276 4175 1419 4223 Praef.
1443 4174 1492 4221 in
1525 4175 1713 4225 Comm.
1736 4174 1783 4221 in
1823 4174 1938 4223 Gal.
1971 4174 2065 4222 vid.
2102 4176 2221 4239 plur.
2256 4190 2335 4240 ap.

1271 4238 1545 4286 Tillemont.
1563 4238 1600 4287 l.
1614 4254 1659 4287 c.
1672 4255 1722 4303 p.
1744 4239 1837 4287 170
1852 4254 1957 4304 sqq.
1984 4239 2215 4296 Quaedam
2230 4239 2337 4304 ejus

1269 4303 1975 4415 stetissetis-⁷00

1333 4436 1358 4475 ε
1394 4430 1506 4481 Vid.
1528 4400 1655 4496 A'ug.
1680 4402 1767 4497 izp.
1795 4432 1869 4479 17.
1978 4399 1991 4414 ’
