3042 5059
634 402 1358 468 CONFESSIONUM
1405 404 1693 469 LIBER
1737 406 1792 468 Ι.
2248 412 2320 473 11

139 558 502 645 cupiditates
541 557 820 640 copiosoe
860 558 1100 641 inopioe
1127 567 1194 622 et
1229 558 1673 642 ignominiosae
1716 559 1949 641 gloriae.
2038 562 2142 625 Tu
2179 582 2327 627 vero

141 663 232 728 cui
271 659 580 723 numerati
631 667 779 721 sunt
829 660 1048 742 capilli
1099 660 1330 743 capitis
1373 659 1594 737 nostrl,
1635 680 1839 724 errore
1884 661 2169 725 omnium
2214 664 2326 749 qui
2347 671 2399 718 M
2406 679 2470 720 at.
2488 672 2564 730 10,

138 763 278 828 mihi
333 761 662 824 instabant
719 769 792 823 ut
849 758 1180 838 discerem,
1230 762 1512 825 utebaris
1559 761 1641 825 ad
1691 762 2029 825 utilitatem
2078 784 2288 827 meam
2308 788 2325 840 ;
2343 735 2424 785 30.

137 884 261 927 meo
299 870 534 938 autem,
566 861 679 945 qui
719 860 964 923 discere
1003 862 1323 940 nolebam,
1352 863 1635 925 utebaris
1675 862 1758 927 ad
1798 880 2057 945 poenam
2096 885 2326 942 meam,

137 986 250 1048 qua
271 962 470 1046 plecti
500 984 630 1024 non
662 983 833 1025 eram
859 962 1167 1043 indignus
1194 964 1484 1027 tantillus
1512 983 1673 1046 puer
1692 972 1758 1027 et
1776 972 1989 1027 tantus
2008 974 2324 1047 peccator.

135 1068 226 1129 Ita
264 1062 339 1125 de
381 1084 516 1126 non
567 1063 732 1125 bene
781 1062 1166 1126 facientibus
1217 1072 1290 1125 tu
1339 1066 1504 1127 bene
1550 1065 1835 1128 faciebas
1880 1065 2081 1143 mihi3
2138 1076 2203 1129 et
2245 1066 2325 1128 de

131 1170 422 1249 peccante
451 1163 698 1245 meipso
731 1163 905 1247 juste
935 1164 1329 1227 retribuebas
1356 1164 1537 1227 mihi.
1626 1167 1670 1229 J
1670 1166 1887 1229 ussisti
1916 1165 2107 1244 enim,
2138 1176 2203 1231 et
2230 1168 2323 1231 sic

133 1276 236 1344 est,
261 1275 330 1327 ut
353 1285 558 1346 poena
585 1286 702 1327 sua
730 1264 855 1327 sibi
885 1264 972 1327 sit
1000 1265 1208 1328 omnis
1237 1264 1636 1330 inordinatus
1666 1266 1934 1329 animus.

208 1371 301 1427 20.
346 1363 527 1436 Quid
577 1373 787 1427 autem
837 1373 972 1428 erat
1010 1386 1220 1429 causae
1273 1387 1386 1429 cur
1436 1367 1701 1431 Graecas
1744 1366 1989 1430 litteras
2044 1366 2323 1447 oderam,
2374 1374 2528 1450 xm.

131 1468 346 1551 quibus
396 1467 707 1548 puerulus
750 1466 1102 1544 imbuebar,
1144 1487 1227 1529 ne
1270 1486 1441 1530 nunc
1493 1465 1756 1551 quidem
1796 1468 1959 1530 mihi
2010 1468 2164 1531 satis
2208 1490 2321 1531 ex·
2338 1440 2529 1552 3ξᾶῗῖ

127 1570 430 1653 ploratum
474 1576 589 1630 est.
679 1566 1138 1631 Adamaveram
1179 1568 1352 1630 enim
1403 1568 1692 1643 Latinas,
1743 1589 1877 1631 non
1926 1590 2087 1652 quas
2131 1570 2322 1653 primi
2340 1569 2521 1643 potissi-

127 1668 421 1749 magistri,
467 1666 581 1730 sed
631 1689 794 1751 quas
845 1666 1080 1731 docent
1128 1668 1242 1751 qui
1293 1668 1687 1749 grammatici
1738 1677 2063 1733 vocantur.
2151 1671 2322 1733 Nam
2338 1642 2546 1745 fflssffn

125 1771 256 1832 illas
293 1768 539 1851 primas
579 1768 691 1831 ubi
731 1769 943 1849 legere
987 1777 1052 1832 et
1089 1768 1364 1833 scribere
1407 1777 1473 1831 et
1510 1789 1840 1831 numerare
1879 1768 2162 1848 discitur,
2190 1792 2319 1833 non
2339 1768 2486 1811 ‘⁸1¹¹’-

126 1869 316 1932 minus
354 1889 662 1931 onerosas
698 1870 1116 1951 poenalesque
1149 1868 1490 1947 habebam,
1538 1884 1731 1951 quam
1770 1890 1991 1933 omnes
2031 1871 2318 1935 Groecas.

130 1969 302 2033 Unde
329 1978 550 2032 tamen
577 1978 644 2033 et
670 1970 795 2033 hoc
825 1968 952 2031 nisi
982 1968 1062 2031 de
1089 1978 1357 2051 peccato
1401 1978 1468 2033 et
1503 1968 1783 2033 vanitate
1818 1970 1988 2048 vitae,
2012 1992 2141 2054 qua
2166 1988 2319 2033 caro
2372 1964 2381 1973 ⁶

125 2091 286 2133 eram
304 2067 354 2147 ³,
387 2078 456 2132 et
497 2072 768 2151 spiritus
810 2068 1153 2132 ambulans
1180 2076 1246 2131 et
1273 2090 1400 2131 mm
1429 2077 1750 2132 revertens
1774 2068 1809 2130 ἲ
1887 2071 2059 2133 Nam
2098 2071 2319 2155 utique
2338 2086 2419 2135 Pa.
2440 2088 2523 2145 77,
2576 2108 2597 2121 ο

125 2171 421 2248 melioreS,
455 2172 612 2254 quia
639 2170 935 2234 certiores
963 2180 1143 2233 erant
1168 2170 1390 2253 primae
1419 2170 1550 2233 illae
1578 2170 1827 2248 litteroe,
1859 2171 2095 2256 quibus
2122 2172 2322 2237 fiebat
2334 2150 2412 2200 39.
2458 2166 2487 2200 ⁶

123 2274 184 2334 in
208 2294 326 2348 me,
353 2281 422 2335 et
449 2273 691 2336 factum
717 2280 835 2350 est,
863 2280 931 2335 et
956 2271 1166 2335 habeo
1193 2270 1358 2333 illud
1394 2279 1468 2335 ut
1501 2279 1569 2334 et
1602 2272 1815 2353 legam
1846 2272 1901 2335 si
1933 2271 2089 2356 quid
2118 2273 2317 2357 scrip·
2334 2222 2555 2327 3ῗεῖῗέξῖ

123 2383 242 2437 tum
267 2374 552 2450 invenio,
583 2382 648 2436 et
673 2373 949 2437 scribam
991 2372 1132 2456 ipse
1177 2372 1231 2434 si
1278 2371 1435 2456 quid
1472 2375 1643 2450 volo,
1674 2394 1867 2459 quam
1907 2374 2037 2437 illae
2082 2376 2318 2457 quibus
2335 2344 2435 2463 δὴ

120 2484 316 2538 tenere
360 2476 642 2556 cogebar
680 2475 906 2537 AEneae
954 2474 1176 2537 nescio
1225 2472 1408 2557 cujus
1453 2494 1714 2552 errores,
1756 2468 1995 2539 oblitus
2038 2492 2318 2539 errorum

120 2596 430 2651 meorum3
501 2584 566 2639 et
606 2576 856 2659 plorare
898 2574 1225 2637 Didonem
1266 2583 1601 2653 mortuam,
1645 2576 1801 2660 quia
1842 2598 1910 2639 se
1953 2575 2193 2640 occidit
2232 2578 2318 2640 ob

120 2696 404 2752 amorem,
437 2696 587 2739 cum
627 2675 870 2739 interea
911 2675 1228 2758 meipsum
1269 2675 1335 2737 in
1379 2676 1486 2739 his
1529 2697 1570 2739 a
1610 2684 1674 2739 te
1714 2677 2108 2755 morientem,
2137 2678 2319 2740 Deus

117 2778 234 2839 vita
259 2797 427 2856 mea,
461 2775 652 2839 siccis
681 2776 884 2840 oculis
911 2776 1139 2839 ferrem
1165 2775 1572 2839 miserrimus,
2406 2840 2409 2848 ,

194 2882 290 2939 21.
337 2876 519 2950 Quid
557 2876 726 2939 enim
763 2876 1056 2939 miserius
1094 2876 1326 2938 misero
1364 2898 1496 2939 non
1538 2876 1877 2939 miserante
1920 2879 2223 2962 seipsum,
2252 2888 2320 2943 et
2404 2871 2409 2887 ''

116 2982 292 3043 flente
350 2980 637 3044 Didonis
686 2988 973 3058 mortem,
1026 3001 1172 3064 quae
1229 2980 1432 3043 fiebat
1479 2979 1753 3043 amando
1810 2981 2119 3058 AEneam3
2185 3003 2317 3043 non

114 3082 290 3145 flente
333 3090 554 3145 autem
591 3092 857 3145 mortem
895 3101 1098 3157 suam,
1129 3102 1274 3166 quae
1305 3080 1504 3144 fiebat
1544 3101 1676 3143 non
1718 3079 1991 3144 amando
2020 3090 2104 3159 te,
2134 3082 2317 3145 Deus

115 3184 312 3245 lumen
360 3182 577 3247 cordis
621 3182 770 3260 mei,
799 3191 866 3246 et
902 3183 1090 3267 panis
1137 3182 1266 3245 oris
1307 3182 1482 3245 intus
1526 3182 1754 3245 animae
1802 3202 1983 3258 meae,
2018 3191 2085 3245 et
2119 3183 2318 3247 virtus

113 3284 404 3346 maritans
446 3292 723 3346 mentem
765 3304 974 3346 meam
995 3288 1035 3315 '¹'
1079 3292 1145 3346 et
1189 3282 1398 3345 sinum
1442 3282 1848 3363 cogitationis
1891 3283 2095 3347 meae?
2165 3286 2317 3348 Non

114 3393 170 3446 te
198 3386 512 3462 amabam,
535 3393 602 3449 et
619 3384 980 3448 fornicabar
1007 3384 1124 3446 abs
1152 3392 1236 3460 te,
1258 3390 1324 3447 et
1347 3383 1687 3447 fornicanti
1718 3384 1987 3447 sonabat
2012 3384 2318 3468 undique,

112 3486 308 3567 Euge,
339 3508 526 3567 euge.
616 3484 920 3549 Amicitia
959 3484 1131 3547 enim
1168 3482 1390 3547 mundi
1430 3483 1648 3567 hujus,
1687 3483 2023 3547 fornicatio
2068 3493 2165 3548 est
2202 3487 2317 3549 abs

114 3596 168 3649 te
191 3590 256 3662 '¹3
317 3596 385 3651 et
427 3588 640 3667 Euge,
671 3607 834 3668 euge
877 3584 1132 3663 dicitur,
1177 3593 1248 3648 ut
1287 3584 1531 3667 pudeat
1572 3585 1627 3647 si
1668 3605 1801 3646 non
1844 3584 1935 3647 ita
1974 3585 2169 3650 homo
2212 3587 2313 3649 sit.

113 3688 194 3749 Et
215 3688 357 3751 haec
389 3709 526 3750 non
557 3689 812 3764 flebam,
843 3685 958 3749 sed
993 3687 1227 3749 flebam
1266 3684 1591 3748 Didonem
1622 3686 1662 3717 “
1692 3685 2096 3764 exstinctam,
2124 3686 2315 3750 ferro-

113 3789 148 3819 “
175 3809 295 3871 que
325 3796 620 3851 extrema
649 3797 933 3851 secutam
943 3787 1022 3863 ⁰,”
1055 3805 1330 3869 sequens
1373 3786 1512 3867 ipse
1556 3795 1842 3849 extrema
1884 3785 2143 3851 condita
2186 3796 2314 3865 tun,

113 3888 320 3951 relicto
359 3896 448 3967 te,
477 3897 546 3951 et
572 3886 778 3952 terra*
819 3888 960 3951 iens
990 3887 1060 3949 in
1089 3894 1356 3950 terram:
1401 3895 1470 3950 et
1497 3886 1553 3949 si
1582 3887 1953 3970 prohiberer
1980 3895 2059 3951 ea
2082 3888 2313 3968 legere,

114 3986 402 4067 dolerem,
449 3990 608 4073 quia
649 4010 782 4052 non
830 3990 1108 4070 legerem
1155 3986 1332 4071 quod
1378 3986 1674 4051 dolerem.
1765 3987 1947 4051 Talis
1996 3987 2315 4053 dementia
2414 3977 2423 3986 ’

241 4214 566 4280 Subjugemus
582 4216 718 4266 nob&
743 4216 870 4266 hauc
879 4214 1120 4279 foeminam
1141 4215 1182 4263 si
1243 4214 1331 4262 lari
1349 4212 1555 4273 bono‚in
1574 4212 1708 4262 istam
1730 4212 2074 4263 multitudinem
2092 4213 2309 4279 voluptu-

111 4276 188 4325 viri
219 4294 382 4329 sumus
402 4296 738 4346 z—sequamur
761 4281 998 4333 Christum
1035 4289 1179 4345 caput
1244 4287 1362 4333 tum,
1383 4278 1431 4326 in
1461 4293 1665 4327 amorem
1688 4278 1851 4329 seculi
1872 4277 2310 4343 corruptionemque

110 4349 325 4402 nostrum,
361 4352 420 4393 ut
454 4354 504 4393 et
541 4360 627 4395 nos
658 4354 880 4412 sequatur
913 4343 991 4394 cui
1024 4353 1170 4409 caput
1229 4340 1837 4401 temnant-,fornicariam
1856 4342 1981 4393 Deo.
2015 4342 2306 4408 Aug-Serm-

110 4422 276 4456 sumus.
348 4409 475 4473 Aug.
506 4409 566 4459 de
597 4426 710 4459 vera
741 4410 875 4475 relig.
903 4424 949 4458 c.
969 4410 1051 4458 41.
1072 4409 1169 4458 vid.
1240 4408 1348 4457 142.
1369 4423 1416 4455 c.
1438 4408 1488 4455 2.
1829 4453 1833 4457 .

110 4470 184 4517 inf.
208 4471 241 4518 l.
268 4472 376 4521 xiii.
402 4490 445 4521 c.
469 4476 548 4522 32.
1297 4477 1323 4503 ⁰
1360 4470 1551 4521 AEneid.
1574 4471 1636 4520 vi.
1660 4472 1772 4520 456.

167 4540 192 4567 ¹¹
226 4534 468 4588 Recedere
501 4538 562 4586 ab
595 4538 678 4587 ino
711 4536 907 4604 simplici
940 4546 985 4587 et
1013 4538 1169 4603 singu-
