3042 5059
670 342 775 407 xiv
1501 361 2013 406 ARGUMENTUM.

737 523 792 567 et
822 532 980 583 quam
1019 516 1162 567 fluxa
1198 515 1304 567 sint
1336 523 1392 567 et
1417 516 1617 567 caduca
1650 524 1861 569 terrena
1889 515 2085 579 omnia,
2113 515 2353 584 pluribus
2396 516 2626 568 disserit.
2705 518 2849 568 Men-

733 603 936 655 tionem
973 602 1102 654 facit
1142 602 1397 654 librorum
1435 602 1500 653 de
1532 602 1760 654 Pulchro
1799 610 1853 654 et
1884 604 2047 671 Apto,
2076 619 2107 653 a
2140 615 2199 654 se
2230 619 2367 653 anno
2394 604 2568 655 aetatis
2592 603 2847 673 vigesimo

737 697 892 742 sexto
913 696 1004 741 aut
1027 689 1288 758 vigesimo
1307 689 1536 757 septimo
1562 689 2017 758 conscriptorum3
2067 705 2274 741 necnon
2290 705 2447 756 quam
2466 689 2613 742 facili
2638 689 2849 759 negotio

735 775 1034 828 liberalium
1057 775 1252 827 artium
1275 775 1437 826 libros
1463 782 1621 843 atque
1646 775 1951 828 Aristotelis
1977 775 2312 845 categoriae,
2334 793 2471 828 anno
2486 775 2661 830 aetatis
2685 775 2848 827 ferme

733 862 1015 932 vigesimo,
1042 878 1138 930 per
1163 878 1280 913 sese
1303 860 1647 913 intellexerit.
2782 860 2846 913 45

1454 1054 1676 1106 LIBER
1723 1052 2069 1117 QUINTUS.

665 1171 880 1221 Annum
915 1168 1090 1221 aetatis
1133 1183 1245 1221 suae
1293 1170 1506 1223 exbibet
1545 1168 1865 1239 vigesimum
1904 1185 2125 1232 nonum,
2164 1186 2269 1237 quo
2317 1169 2541 1233 scilicet,
2580 1176 2851 1237 comperta

737 1256 920 1307 Fausti
944 1255 1233 1307 Manichaei
1258 1256 1529 1326 imperitia
1552 1257 1608 1308 in
1632 1256 1719 1320 iis,
1741 1270 1861 1323 quae
1884 1255 1977 1307 isti
2002 1272 2059 1307 se
2084 1255 2335 1307 divinitus
2360 1256 2496 1309 scire
2512 1255 2850 1324 jactitabant,

735 1342 1064 1412 propositum
1109 1344 1164 1393 in
1202 1342 1296 1395 illa
1333 1353 1480 1396 secta
1519 1343 1831 1412 proficiendi
1868 1342 2094 1411 abjecit3
2145 1359 2248 1410 quo
2287 1343 2449 1395 etiam
2493 1344 2735 1406 Romam,
2762 1344 2847 1395 ubi

732 1429 1054 1482 rhetoricam
1091 1430 1446 1497 profiteretur,
1471 1438 1526 1482 et
1559 1429 1749 1481 deinde
1792 1429 2155 1481 Mediolanum
2194 1437 2253 1481 ut
2286 1430 2526 1481 eamdem
2558 1437 2730 1481 artem
2763 1430 2849 1481 do-

737 1523 902 1579 ceret,
937 1516 1118 1567 abdita
1155 1517 1258 1567 Dei
1299 1518 1633 1585 providentia
1662 1517 1857 1567 missus
1898 1524 2015 1578 est3
2063 1515 2153 1567 ubi
2179 1516 2344 1585 coepit
2366 1517 2545 1568 audito
2568 1516 2847 1567 Ambrosio

733 1602 1068 1671 resipiscere,
1123 1610 1179 1653 et
1241 1603 1648 1655 Manichaeismo
1711 1602 1975 1666 abdicato,
2024 1603 2436 1655 catechumenus
2488 1602 2544 1653 in
2606 1601 2846 1655 Ecclesia

734 1688 1018 1742 Catholica
1039 1690 1214 1741 denuo
1237 1689 1352 1741 fieri
1378 1689 1629 1741 decrevit.
2778 1686 2841 1739 63

1481 1876 1701 1929 LIBER
1749 1877 2047 1931 SEXTUS.

663 1996 933 2049 Mounicae
972 1994 1158 2048 matris
1199 1996 1335 2065 ejus,
1379 1998 1656 2060 adventus,
1696 2004 1751 2050 et
1790 1998 1939 2066 pium
1978 2013 2107 2067 erga
2141 1996 2481 2048 Ambrosium
2520 1996 2847 2064 obsequium.

731 2082 1002 2135 Ambrosii
1019 2099 1194 2134 mores
1209 2091 1264 2134 et
1277 2084 1404 2135 vitae
1421 2083 1655 2134 habitus.
1725 2084 1865 2153 Aug.
1884 2100 2081 2135 annum
2100 2083 2275 2135 aetatis
2300 2100 2463 2153 agens
2488 2081 2848 2152 trigesimum,

733 2170 1004 2221 Ambrosii
1043 2170 1323 2221 conciones
1361 2169 1681 2237 frequentat,
1707 2177 1762 2221 et
1798 2170 2095 2222 doctrinam
2120 2170 2453 2221 Catholicam
2476 2186 2510 2221 a
2533 2169 2851 2220 Manicbaeis

732 2256 869 2307 falso
907 2256 1202 2307 insimulari
1245 2255 1438 2309 clarius
1477 2255 1733 2325 intelligit
1748 2276 1765 2317 3
1819 2256 1943 2308 fidei
1981 2262 2162 2308 tamen
2205 2266 2448 2307 naturam
2490 2262 2544 2307 et
2584 2255 2847 2307 utilitates

731 2343 874 2393 haud
900 2342 1136 2411 attingit.
1207 2342 1388 2411 Alypii
1425 2342 1585 2393 amici
1620 2341 1737 2411 ejus
1770 2359 1965 2394 mores.
2039 2344 2099 2394 In
2136 2342 2343 2394 diversa
2371 2343 2596 2411 rapitur,
2623 2344 2751 2394 dum
2786 2343 2853 2393 de

731 2429 842 2481 vita
872 2428 1062 2481 melius
1104 2429 1434 2481 instituenda
1463 2429 1755 2492 deliberat3
1805 2429 1992 2481 mortis
2018 2444 2224 2497 quoque
2262 2446 2325 2482 ac
2346 2429 2536 2499 judicii
2559 2436 2709 2482 metu
2731 2445 2855 2499 per-

731 2514 930 2578 culsus,
951 2516 1018 2567 ad
1041 2515 1166 2567 vitae
1190 2515 1589 2569 conversionem
1612 2515 1668 2566 in
1694 2514 1807 2567 dies
1832 2515 2157 2567 accenditur.
2774 2512 2851 2565 82

1437 2705 1657 2757 LIBER
1704 2704 2084 2757 SEPTIMUS.

657 2824 963 2876 Juventutis
989 2837 1102 2875 suae
1128 2824 1426 2886 exordium,
1471 2823 1527 2874 id
1570 2831 1654 2875 est
1688 2840 1884 2875 annum
1923 2822 2097 2874 aetatis
2133 2821 2469 2891 trigesimum
2499 2820 2758 2889 primum,
2782 2821 2851 2872 ob

727 2910 923 2961 mentis
962 2909 1145 2961 oculos
1183 2909 1408 2961 reducit.
1483 2910 1682 2961 Narrat
1724 2926 1781 2960 se
1815 2915 2129 2979 argumento
2154 2908 2382 2975 quodam
2417 2906 2663 2958 Nebridii
2695 2906 2852 2958 valde

725 2996 1050 3065 perculsum,
1078 2996 1271 3047 crassis
1297 3004 1476 3048 tamen
1501 2997 1675 3048 adhuc
1700 2995 1935 3046 tenebris
1958 2994 2185 3057 obvolvi,
2212 3011 2334 3045 cum
2360 2995 2425 3045 de
2462 2996 2578 3045 Deo
2613 3010 2724 3044 non
2744 2992 2851 3043 nisi

729 3082 1074 3151 corporaliter
1115 3084 1314 3135 sentire
1351 3082 1623 3151 potuerit3
1688 3081 2016 3133 Manichaeos
2058 3097 2186 3151 ergo
2226 3080 2389 3149 impie
2438 3080 2634 3131 sentire
2684 3080 2853 3148 probe

727 3169 920 3231 cernit,
939 3169 1199 3221 Ecclesiae
1214 3185 1339 3219 vero
1355 3169 1517 3227 fidem
1532 3168 1751 3219 omnino
1763 3166 2017 3237 amplecti
2032 3168 2246 3235 nequit3
2284 3184 2317 3219 a
2340 3166 2853 3219 Mathematicorum

728 3254 994 3306 erroribus
1014 3261 1322 3318 revocatur3
1356 3254 1651 3322 quaestione
1671 3261 1870 3318 tamen,
1886 3255 2026 3306 unde
2045 3254 2279 3306 malum?
2319 3254 2513 3305 misere
2532 3258 2815 3319 torquetur
2832 3272 2851 3314 ς

726 3340 1016 3409 plurimum
1051 3358 1080 3391 e
1114 3340 1510 3393 Platonicorum
1550 3341 1700 3393 libris
1739 3342 1969 3410 proficit,
1993 3357 2169 3408 neque
2208 3349 2387 3391 tamen
2415 3338 2700 3401 sufficiunt,
2725 3356 2855 3390 cum

729 3428 794 3478 de
819 3426 1026 3479 Christi
1069 3427 1434 3478 incarnatione
1461 3445 1625 3497 prave
1659 3428 1919 3487 senseritz
1962 3427 2193 3497 arreptis
2217 3443 2342 3479 vero
2370 3426 2424 3477 S.
2454 3425 2773 3494 ScripturiS,
2797 3431 2853 3477 et

727 3512 1029 3581 praesertim
1051 3512 1310 3582 Apostolo
1336 3514 1519 3577 Paulo,
1546 3514 1903 3566 dubitationes
1923 3514 2037 3582 ejus
2062 3530 2245 3566 omnes
2270 3512 2575 3565 concidunt.
2746 3510 2850 3563 103

1445 3718 1668 3770 LIBER
1714 3717 2068 3772 OCTAVUS.

654 3836 796 3887 Vitae
819 3836 986 3905 ipsius
1021 3844 1224 3905 partem
1258 3838 1476 3907 attingit
1513 3839 1935 3901 celeberrimam,
1962 3856 2158 3891 annum
2192 3840 2366 3890 aetatis
2399 3836 2738 3907 trigesimum
2770 3853 2851 3887 se-

724 3923 974 3985 cundum,
993 3940 1096 3989 quo
1121 3940 1313 3991 nempe
1339 3941 1461 3975 cum
1479 3924 1884 3993 Simplicianum
1910 3924 2283 3988 consuluisset,
2302 3924 2481 3976 audita
2504 3924 2569 3975 ab
2586 3941 2649 3975 eo
2666 3923 2853 3975 Victo-

725 4009 829 4060 rini
855 4009 1224 4071 conversione,
1251 4011 1318 4061 ad
1340 4010 1660 4063 imitandum
1686 4012 1900 4063 exarsit.
1975 4013 2113 4064 Tum
2130 4028 2273 4074 vero,
2298 4012 2363 4062 iis
2386 4026 2505 4079 quae
2530 4012 2596 4061 de
2610 4011 2854 4061 Antonio

722 4095 984 4164 AEgyptio
1021 4096 1284 4147 monacho
1320 4103 1375 4147 et
1411 4097 1635 4148 duorum
1672 4097 1965 4150 aulicorum
2004 4097 2350 4150 conversione
2381 4114 2413 4149 a
2436 4097 2747 4147 Pontitiano
2772 4097 2857 4147 di-

726 4181 876 4241 dicit,
902 4182 1076 4249 magis
1099 4182 1376 4251 magisque
1400 4198 1679 4246 accensus,
1706 4191 1829 4251 post
1846 4185 2218 4236 vehementem
2241 4183 2441 4235 luctam
2465 4184 2606 4235 inter
2630 4199 2857 4235 carnem

722 4274 778 4317 et
826 4268 1094 4335 spiritum,
1142 4269 1380 4321 codicem
1430 4270 1679 4338 Apostoli
1728 4270 1936 4322 coelesti
1978 4270 2281 4322 admonitus
2320 4269 2533 4321 oraculo
2573 4269 2815 4338 inspexit
2832 4289 2852 4330 ;

723 4353 966 4419 lectoque
1003 4355 1094 4421 qui
1130 4354 1237 4423 ipsi
1276 4354 1480 4423 primus
1532 4356 1764 4408 occurrit
1812 4356 2099 4419 versiculo,
2138 4356 2357 4407 omnino
2404 4356 2743 4418 immutatur,
2792 4362 2857 4405 et

723 4438 949 4506 diruptis
977 4440 1332 4508 cupiditatum
1361 4440 1585 4493 vinculis
1612 4450 1757 4495 totus
1783 4444 1849 4495 ad
1877 4445 2048 4496 Deum
2078 4444 2421 4496 convertitur.
2745 4439 2849 4491 125
