3042 5059
635 376 758 434 110
1183 368 1249 429 S.
1297 366 1815 429 AUGUSTINI
1860 363 2280 428 EPISCOPI

626 548 712 589 ex
738 524 1004 607 paribus
1021 520 1352 584 domorum
1365 520 1717 585 intervallis
1736 520 1865 583 sibi
1884 520 2141 583 obviam
2172 519 2377 583 factos
2392 538 2535 581 esse
2554 516 2841 594 dicebat,

627 634 700 689 ut
755 624 948 688 aliam
1003 622 1390 705 positionem
1449 622 1751 699 siderum,
1804 621 2093 703 aliasque
2152 620 2503 702 particulas
2551 639 2841 681 momen-

627 735 858 804 torum,
905 733 1127 787 neuter
1173 743 1394 786 eorum
1449 728 1670 785 notare
1730 720 2069 783 sineretur:
2145 731 2209 783 et
2254 730 2470 783 tamen
2516 718 2840 783 Firminus

629 828 843 909 amplo
881 822 1058 907 apud
1097 844 1250 886 suos
1285 823 1432 887 loco
1467 830 1681 897 natus,
1724 821 2149 885 dealbatiores
2188 820 2325 883 vias
2368 820 2592 883 saeculi
2640 820 2839 883 cursi-

629 929 827 1002 tabat,
885 926 1237 1006 augebatur
1307 921 1571 999 divitiis,
1632 921 2097 985 sublimabatur
2150 920 2534 998 honoribus3
2622 940 2841 983 servus

631 1035 842 1091 autem
909 1026 1040 1102 ille,
1099 1022 1486 1089 conditionis
1534 1022 1698 1106 jugo
1764 1023 2133 1087 nullatenus
2194 1023 2503 1097 relaxato,
2562 1020 2839 1083 dominis

631 1129 966 1205 serviebat,
991 1126 1136 1209 ipso
1165 1124 1492 1188 indicante
1523 1124 1637 1207 qui
1664 1131 1931 1187 noverat
1954 1145 2121 1186 eum.

719 1236 780 1293 9.
827 1230 957 1293 His
999 1229 1218 1311 itaque
1259 1226 1496 1291 auditis
1542 1237 1609 1291 et
1656 1226 1935 1304 creditis,
1978 1226 2127 1309 talis
2170 1226 2415 1310 quippe
2457 1234 2842 1303 narraverat,

631 1332 841 1394 omnis
881 1330 995 1393 illa
1029 1326 1366 1392 reluctatio
1407 1348 1555 1390 mea
1593 1328 1871 1391 resoluta
1918 1325 2234 1391 concidit:
2283 1335 2351 1389 et
2374 1326 2583 1409 primo
2615 1326 2843 1390 Firmi-

629 1454 788 1495 num
839 1432 1056 1513 ipsum
1115 1438 1384 1492 conatus
1433 1448 1575 1491 sum
1624 1429 1707 1491 ab
1750 1428 1865 1490 illa
1914 1427 2279 1490 curiositate
2327 1446 2647 1502 revocare,
2695 1447 2841 1489 cum

631 1532 929 1609 dicerem,
988 1529 1583 1593 constellationibus
1640 1528 1779 1612 ejus
1836 1527 2168 1611 inspectis,
2224 1535 2300 1590 ut
2352 1548 2504 1590 vera
2558 1548 2843 1610 pronun-

631 1630 920 1710 tiarem',
967 1630 1266 1695 debuisse
1307 1650 1411 1693 me
1451 1630 1677 1713 utique
1728 1627 1943 1691 videre
1991 1628 2087 1691 ibi
2133 1635 2433 1711 parentes
2475 1628 2643 1690 inter
2694 1647 2847 1689 suos

633 1756 773 1799 esse
822 1732 1178 1817 primariOS,
1223 1731 1509 1795 nobilem
1566 1725 1871 1794 familiam
1928 1730 2203 1814 propriae
2256 1729 2552 1805 civitatis,
2596 1730 2846 1792 natales

631 1836 968 1915 ingenuos,
994 1834 1327 1896 honestam
1368 1830 1835 1911 educationem,
1862 1831 2287 1914 liberalesque
2326 1828 2667 1893 doctrinas.
2758 1830 2846 1891 At

636 1937 693 1999 si
731 1956 836 1997 me
872 1935 982 1996 ille
1027 1954 1246 1995 servus
1288 1953 1374 1996 ex
1417 1931 1663 1995 eisdem
1707 1932 2322 2008 constellationibus,
2366 1930 2521 2014 quia
2564 1937 2631 1992 et
2670 1930 2846 1992 illius

634 2036 795 2119 ipsae
838 2042 1072 2111 essent,
1117 2034 1565 2110 consuluisset,
1606 2042 1683 2097 ut
1722 2033 1933 2097 eidem
1978 2052 2237 2118 quoque
2286 2052 2433 2095 vera
2478 2032 2845 2116 proferrem,

637 2136 937 2200 debuisse
974 2156 1078 2197 me
1113 2155 1334 2198 rursus
1379 2135 1473 2199 ibi
1519 2135 1737 2199 videre
1776 2134 2275 2219 abjectissimam
2319 2132 2647 2212 familiam,
2692 2154 2846 2197 con-

637 2236 946 2299 ditionem
976 2234 1288 2312 servilem,
1309 2243 1376 2298 et
1394 2242 1627 2299 caetera
1641 2237 1835 2317 longe
1864 2259 1905 2300 a
1930 2236 2249 2321 prioribus
2270 2235 2498 2311 aliena,
2519 2235 2847 2318 longeque

639 2336 963 2401 distantia.
1053 2333 1248 2400 Unde
1297 2343 1512 2399 autem
1562 2336 1747 2401 fieret
1793 2345 1868 2400 ut
1917 2336 2139 2400 eadem
2188 2336 2542 2418 inspiciens
2591 2334 2847 2399 diversa

639 2437 938 2515 dicerem,
987 2436 1043 2499 si
1091 2458 1240 2499 vera
1299 2436 1611 2512 dicerem:
1680 2438 1735 2501 si
1780 2445 1995 2501 autem
2052 2437 2277 2501 eadem
2334 2436 2635 2513 dicerem,
2681 2437 2849 2500 falsa

640 2539 942 2603 dicerem:
1004 2536 1158 2630 inde
1199 2538 1552 2601 certissime
1596 2538 1817 2621 colligi
1829 2536 1883 2616 '‚
1912 2560 1991 2602 ea
2030 2560 2175 2622 qua:
2214 2558 2384 2614 vera,
2424 2536 2849 2601 consideratis

639 2639 1254 2716 constellationibus,
1295 2638 1673 2717 dicerentur,
1710 2660 1844 2702 non
1890 2646 2022 2705 arte
2068 2639 2221 2717 dici,
2263 2638 2377 2701 sed
2428 2645 2629 2715 sorte5
2698 2660 2847 2721 quae

639 2749 854 2805 autem
877 2741 1061 2818 falsa,
1088 2762 1222 2803 non
1249 2742 1403 2805 artis
1428 2742 1772 2825 imperitia,
1803 2741 1919 2805 sed
1948 2742 2134 2805 sortis
2162 2739 2519 2803 mendacio.

731 2847 829 2904 10.
877 2842 1058 2906 Hinc
1105 2850 1320 2905 autem
1361 2850 1629 2926 accepto
1670 2840 1913 2920 aditu’,
1962 2842 2105 2927 ipse
2148 2862 2403 2905 mecum
2452 2839 2608 2903 talia
2650 2840 2849 2901 rumi-

635 2941 874 3019 nando,
930 2964 1014 3005 ne
1072 2942 1218 3026 quis
1276 2942 1640 3006 eorumdem
1698 2942 2040 3006 delirorum
2098 2942 2211 3026 qui
2266 2942 2459 3005 talem
2527 2948 2848 3023 quaestum

637 3050 1070 3127 sequerentur,
1102 3064 1266 3127 quos
1287 3043 1426 3128 jam
1443 3042 1713 3127 jamque
1742 3042 2063 3124 invadere,
2094 3051 2288 3126 atque
2316 3042 2534 3104 in'isos
2560 3040 2849 3103 refellere

636 3144 998 3226 cupiebam,
1041 3144 1203 3207 mihi
1239 3144 1333 3206 ita
1369 3143 1709 3221 resisteret,
1754 3144 1941 3228 quasi
1984 3151 2097 3207 aut
2133 3142 2453 3206 Firminus
2498 3141 2685 3217 mihi,
2737 3150 2847 3204 aut

634 3244 732 3306 illi
760 3251 940 3325 pater
966 3243 1128 3306 falsa
1153 3243 1525 3320 narraverit3
1569 3244 1821 3307 intendi
1850 3243 2425 3309 considerationem
2464 3243 2535 3304 in
2575 3262 2688 3305 eos
2736 3242 2848 3324 qui

638 3343 878 3423 gemini
919 3352 1298 3406 nascuntur:
1370 3365 1646 3427 quorum
1700 3345 1991 3429 plerique
2042 3345 2135 3407 ita
2183 3352 2334 3427 post
2380 3344 2660 3406 invicem
2704 3343 2846 3405 fun-

637 3441 876 3506 duntur
923 3464 1006 3505 ex
1067 3454 1269 3521 utero,
1326 3452 1400 3506 ut
1455 3467 1726 3529 parvum
1782 3446 1996 3528 ipsum
2056 3446 2363 3528 temporis
2418 3445 2849 3521 intervallum,

639 3543 1106 3626 quantamlibet
1133 3545 1262 3608 vim
1299 3546 1370 3606 in
1401 3566 1609 3608 rerum
1644 3553 1873 3611 natura
1908 3548 2145 3610 habere
2184 3546 2597 3625 contendant,
2626 3543 2851 3624 colligi

637 3650 852 3705 tamen
897 3644 1182 3708 humana
1227 3647 1671 3709 observatione
1721 3668 1853 3709 non
1898 3647 2127 3731 possit,
2172 3646 2531 3730 litterisque
2584 3645 2851 3707 omnino

639 3744 879 3824 signari
924 3765 1056 3807 non
1105 3746 1335 3823 valeat,
1383 3768 1545 3830 quas
1603 3749 2093 3811 mathematicus
2149 3748 2557 3830 inspecturus
2606 3754 2726 3824 est,
2778 3753 2854 3808 ut

641 3863 792 3906 vera
833 3846 1221 3927 pronuntiet.
1310 3848 1402 3909 Et
1447 3868 1579 3909 non
1626 3856 1811 3910 erunt
1858 3870 2027 3927 vera,
2080 3848 2233 3932 quia
2290 3847 2549 3911 easdem
2606 3847 2851 3909 litteras

642 3944 1018 4027 inspiciens,
1063 3947 1286 4010 eadem
1331 3947 1557 4010 debuit
1597 3946 1809 4011 dicere
1851 3948 1932 4011 de
1973 3951 2155 4012 Esau
2192 3957 2259 4012 et
2298 3947 2377 4011 de
2422 3949 2467 4011 J
2468 3949 2664 4023 acob3
2728 3945 2848 4009 sed

641 4066 776 4107 non
825 4046 1048 4109 eadem
1094 4048 1349 4132 utrique
1395 4046 1785 4111 acciderunt.
1875 4050 2067 4111 Falsa
2114 4070 2263 4130 ergo
2304 4048 2576 4112 diceret:
2642 4054 2758 4110 ant
2796 4047 2853 4109 si

643 4164 796 4207 vera
821 4144 1083 4224 diceret,
1110 4168 1243 4211 non
1283 4148 1506 4211 eadem
1544 4146 1807 4225 diceret,
1836 4156 1904 4212 at
1946 4148 2169 4213 eadem
2182 4148 2211 4176 ³
2240 4150 2604 4233 inspiceret.
2695 4150 2855 4211 Non

643 4266 795 4325 ergo
821 4254 976 4326 arte,
1005 4246 1120 4310 sed
1150 4257 1316 4312 sorte
1343 4268 1492 4311 vera
1511 4248 1771 4313 diceret.
1834 4250 1940 4313 Tu
1962 4250 2153 4327 enim,
2176 4250 2477 4326 Domine,
2489 4248 2855 4333 justissime

641 4346 1001 4411 moderator
1032 4349 1481 4426 universitatis,
1511 4352 1997 4415 consulentibus
2034 4351 2475 4435 consultisque
2504 4351 2855 4415 nescienti-

526 4482 530 4490 ·
642 4449 768 4511 bus
787 4451 1041 4513 occulto
1061 4451 1370 4517 instinctu
1397 4452 1560 4533 agiS,
1582 4461 1655 4517 ut
1682 4453 1836 4521 dum
1866 4455 2144 4540 quisque
2166 4454 2465 4532 consulit,
2486 4455 2613 4517 hoc
2632 4452 2857 4517 audiat
