<?xml version="1.0" encoding="UTF-8"?>
<!DOCTYPE html PUBLIC "-//W3C//DTD XHTML 1.0 Transitional//EN"
    "http://www.w3.org/TR/xhtml1/DTD/xhtml1-transitional.dtd">
<html xmlns="http://www.w3.org/1999/xhtml" xml:lang="en" lang="en">
 <head>
  <title>
</title>
<meta http-equiv="Content-Type" content="text/html;charset=utf-8" />
  <meta name='ocr-system' content='tesseract 3.04.00' />
  <meta name='ocr-capabilities' content='ocr_page ocr_carea ocr_par ocr_line ocrx_word'/>
</head>
<body>
  <div class='ocr_page' id='page_1' title='image "./confessionespos00dubogoog_0133.png"; bbox 0 0 3042 5059; ppageno 0'>
   <div class='ocr_carea' id='block_1_1' title="bbox 613 374 2333 442">
    <p class='ocr_par' dir='ltr' id='par_1_1' title="bbox 613 374 2333 442">
     <span class='ocr_line' id='line_1_1' title="bbox 613 374 2333 442; baseline 0 -2"><span class='ocrx_word' id='word_1_1' title='bbox 613 374 1336 441; x_wconf 86' lang='lat' dir='ltr'><strong>CONFESSIONUM</strong></span> <span class='ocrx_word' id='word_1_2' title='bbox 1380 376 1667 442; x_wconf 86' lang='lat' dir='ltr'><strong>LIBER</strong></span> <span class='ocrx_word' id='word_1_3' title='bbox 1710 378 1867 441; x_wconf 91' lang='lat' dir='ltr'><strong>VII.</strong></span> <span class='ocrx_word' id='word_1_4' title='bbox 2218 382 2333 441; x_wconf 94' lang='lat' dir='ltr'><strong>lll</strong></span> 
     </span>
    </p>
   </div>
   <div class='ocr_carea' id='block_1_2' title="bbox 119 528 2561 3944">
    <p class='ocr_par' dir='ltr' id='par_1_2' title="bbox 119 528 2341 813">
     <span class='ocr_line' id='line_1_2' title="bbox 131 528 2339 619; baseline 0.003 -28"><span class='ocrx_word' id='word_1_5' title='bbox 131 528 314 613; x_wconf 91' lang='lat' dir='ltr'><strong>quod</strong></span> <span class='ocrx_word' id='word_1_6' title='bbox 339 550 488 592; x_wconf 89' lang='lat' dir='ltr'><strong>eum</strong></span> <span class='ocrx_word' id='word_1_7' title='bbox 517 538 772 613; x_wconf 89' lang='lat' dir='ltr'><strong>oportet</strong></span> <span class='ocrx_word' id='word_1_8' title='bbox 797 529 1018 594; x_wconf 84' lang='lat' dir='ltr'><strong>audire</strong></span> <span class='ocrx_word' id='word_1_9' title='bbox 1047 531 1318 595; x_wconf 88' lang='lat' dir='ltr'><strong>occultis</strong></span> <span class='ocrx_word' id='word_1_10' title='bbox 1345 532 1587 595; x_wconf 88' lang='lat' dir='ltr'><strong>meritis</strong></span> <span class='ocrx_word' id='word_1_11' title='bbox 1608 530 1982 619; x_wconf 84' lang='lat' dir='ltr'><strong>animarum,</strong></span> <span class='ocrx_word' id='word_1_12' title='bbox 2000 553 2085 595; x_wconf 87' lang='lat' dir='ltr'><strong>ex</strong></span> <span class='ocrx_word' id='word_1_13' title='bbox 2107 534 2339 616; x_wconf 86' lang='lat' dir='ltr'><strong>abysso</strong></span> 
     </span>
     <span class='ocr_line' id='line_1_3' title="bbox 119 628 2341 719; baseline 0.003 -26"><span class='ocrx_word' id='word_1_14' title='bbox 119 629 288 714; x_wconf 86' lang='lat' dir='ltr'><strong>justi</strong></span> <span class='ocrx_word' id='word_1_15' title='bbox 303 628 542 714; x_wconf 89' lang='lat' dir='ltr'><strong>judicii</strong></span> <span class='ocrx_word' id='word_1_16' title='bbox 570 632 690 708; x_wconf 89' lang='lat' dir='ltr'><strong>tui,</strong></span> <span class='ocrx_word' id='word_1_17' title='bbox 720 632 826 695; x_wconf 86' lang='lat' dir='ltr'><strong>cui</strong></span> <span class='ocrx_word' id='word_1_18' title='bbox 855 654 987 697; x_wconf 88' lang='lat' dir='ltr'><strong>non</strong></span> <span class='ocrx_word' id='word_1_19' title='bbox 1025 632 1201 699; x_wconf 88' lang='lat' dir='ltr'><strong>dicat</strong></span> <span class='ocrx_word' id='word_1_20' title='bbox 1226 635 1449 696; x_wconf 86' lang='lat' dir='ltr'><strong>homo:</strong></span> <span class='ocrx_word' id='word_1_21' title='bbox 1497 632 1676 705; x_wconf 87' lang='lat' dir='ltr'><strong>Quid</strong></span> <span class='ocrx_word' id='word_1_22' title='bbox 1704 642 1804 695; x_wconf 89' lang='lat' dir='ltr'><strong>est</strong></span> <span class='ocrx_word' id='word_1_23' title='bbox 1830 633 1994 697; x_wconf 86' lang='lat' dir='ltr'><strong>hoc?</strong></span> <span class='ocrx_word' id='word_1_24' title='bbox 2040 644 2153 698; x_wconf 87' lang='lat' dir='ltr'><strong>aut</strong></span> <span class='ocrx_word' id='word_1_25' title='bbox 2179 634 2341 719; x_wconf 88' lang='lat' dir='ltr'><strong>quid</strong></span> 
     </span>
     <span class='ocr_line' id='line_1_4' title="bbox 128 732 1747 813; baseline 0.001 -17"><span class='ocrx_word' id='word_1_26' title='bbox 128 732 298 797; x_wconf 83' lang='lat' dir='ltr'><strong>hoc?</strong></span> <span class='ocrx_word' id='word_1_27' title='bbox 391 736 545 796; x_wconf 90' lang='lat' dir='ltr'><strong>Non</strong></span> <span class='ocrx_word' id='word_1_28' title='bbox 572 734 770 813; x_wconf 81' lang='lat' dir='ltr'><strong>dicat,</strong></span> <span class='ocrx_word' id='word_1_29' title='bbox 797 757 930 798; x_wconf 88' lang='lat' dir='ltr'><strong>non</strong></span> <span class='ocrx_word' id='word_1_30' title='bbox 959 736 1164 813; x_wconf 84' lang='lat' dir='ltr'><strong>dicat3</strong></span> <span class='ocrx_word' id='word_1_31' title='bbox 1206 737 1402 799; x_wconf 88' lang='lat' dir='ltr'><strong>homo</strong></span> <span class='ocrx_word' id='word_1_32' title='bbox 1431 744 1531 799; x_wconf 86' lang='lat' dir='ltr'><strong>est</strong></span> <span class='ocrx_word' id='word_1_33' title='bbox 1558 736 1747 799; x_wconf 85' lang='lat' dir='ltr'><strong>enim.</strong></span> 
     </span>
    </p>

    <p class='ocr_par' dir='ltr' id='par_1_3' title="bbox 124 837 2561 1628">
     <span class='ocr_line' id='line_1_5' title="bbox 223 837 2527 923; baseline 0.003 -25"><span class='ocrx_word' id='word_1_34' title='bbox 223 841 323 898; x_wconf 90' lang='lat'><strong>11.</strong></span> <span class='ocrx_word' id='word_1_35' title='bbox 367 838 411 901; x_wconf 88' lang='lat' dir='ltr'>J</span> <span class='ocrx_word' id='word_1_36' title='bbox 415 858 520 901; x_wconf 85' lang='lat' dir='ltr'><strong>am</strong></span> <span class='ocrx_word' id='word_1_37' title='bbox 547 837 766 922; x_wconf 87' lang='lat' dir='ltr'><strong>itaque</strong></span> <span class='ocrx_word' id='word_1_38' title='bbox 793 859 917 916; x_wconf 90' lang='lat' dir='ltr'><strong>me,</strong></span> <span class='ocrx_word' id='word_1_39' title='bbox 947 838 1198 923; x_wconf 85' lang='lat' dir='ltr'><strong>adjutor</strong></span> <span class='ocrx_word' id='word_1_40' title='bbox 1225 860 1426 916; x_wconf 75' lang='lat' dir='ltr'><strong>meuS,</strong></span> <span class='ocrx_word' id='word_1_41' title='bbox 1454 840 1587 920; x_wconf 84' lang='lat' dir='ltr'><strong>illis</strong></span> <span class='ocrx_word' id='word_1_42' title='bbox 1629 840 1905 903; x_wconf 88' lang='lat' dir='ltr'><strong>vinculis</strong></span> <span class='ocrx_word' id='word_1_43' title='bbox 1948 842 2247 917; x_wconf 86' lang='lat' dir='ltr'><strong>solveras,</strong></span> <span class='ocrx_word' id='word_1_44' title='bbox 2274 850 2339 905; x_wconf 89' lang='lat' dir='ltr'><strong>et</strong></span> <span class='ocrx_word' id='word_1_45' title='bbox 2405 854 2527 905; x_wconf 86' lang='lat' dir='ltr'><strong>VII.</strong></span> 
     </span>
     <span class='ocr_line' id='line_1_6' title="bbox 129 918 2543 1047; baseline 0.002 -47"><span class='ocrx_word' id='word_1_46' title='bbox 129 939 500 1020; x_wconf 73' lang='lat' dir='ltr'><strong>quaerebam</strong></span> <span class='ocrx_word' id='word_1_47' title='bbox 530 938 702 1002; x_wconf 89' lang='lat' dir='ltr'><strong>unde</strong></span> <span class='ocrx_word' id='word_1_48' title='bbox 731 940 990 1017; x_wconf 83' lang='lat' dir='ltr'><strong>malum,</strong></span> <span class='ocrx_word' id='word_1_49' title='bbox 1019 947 1086 1003; x_wconf 90' lang='lat' dir='ltr'><strong>et</strong></span> <span class='ocrx_word' id='word_1_50' title='bbox 1111 959 1244 1003; x_wconf 89' lang='lat' dir='ltr'><strong>non</strong></span> <span class='ocrx_word' id='word_1_51' title='bbox 1273 948 1410 1004; x_wconf 89' lang='lat' dir='ltr'><strong>erat</strong></span> <span class='ocrx_word' id='word_1_52' title='bbox 1437 940 1671 1004; x_wconf 86' lang='lat' dir='ltr'><strong>exitus.</strong></span> <span class='ocrx_word' id='word_1_53' title='bbox 1762 940 1892 1005; x_wconf 86' lang='lat' dir='ltr'><strong>Sed</strong></span> <span class='ocrx_word' id='word_1_54' title='bbox 1918 962 2049 1005; x_wconf 88' lang='lat' dir='ltr'><strong>non</strong></span> <span class='ocrx_word' id='word_1_55' title='bbox 2084 941 2341 1005; x_wconf 78' lang='lat' dir='ltr'><strong>sinebas</strong></span> <span class='ocrx_word' id='word_1_56' title='bbox 2356 918 2543 1047; x_wconf 45' lang='lat'><strong>‘²³:3¹2</strong></span> 
     </span>
     <span class='ocr_line' id='line_1_7' title="bbox 127 1038 2522 1126; baseline 0.003 -27"><span class='ocrx_word' id='word_1_57' title='bbox 127 1058 232 1100; x_wconf 89' lang='lat' dir='ltr'><strong>me</strong></span> <span class='ocrx_word' id='word_1_58' title='bbox 259 1038 414 1101; x_wconf 85' lang='lat' dir='ltr'><strong>ullis</strong></span> <span class='ocrx_word' id='word_1_59' title='bbox 442 1039 749 1102; x_wconf 87' lang='lat' dir='ltr'><strong>fluctibus</strong></span> <span class='ocrx_word' id='word_1_60' title='bbox 779 1040 1188 1121; x_wconf 78' lang='lat' dir='ltr'><strong>cogitationis</strong></span> <span class='ocrx_word' id='word_1_61' title='bbox 1217 1042 1446 1105; x_wconf 85' lang='lat' dir='ltr'><strong>auferri</strong></span> <span class='ocrx_word' id='word_1_62' title='bbox 1473 1042 1557 1105; x_wconf 98' lang='lat' dir='ltr'><strong>ab</strong></span> <span class='ocrx_word' id='word_1_63' title='bbox 1588 1063 1665 1105; x_wconf 86' lang='lat' dir='ltr'><strong>ea</strong></span> <span class='ocrx_word' id='word_1_64' title='bbox 1692 1041 1821 1105; x_wconf 89' lang='lat' dir='ltr'><strong>fide</strong></span> <span class='ocrx_word' id='word_1_65' title='bbox 1844 1064 1975 1126; x_wconf 91' lang='lat' dir='ltr'><strong>qua</strong></span> <span class='ocrx_word' id='word_1_66' title='bbox 2002 1042 2341 1107; x_wconf 77' lang='lat' dir='ltr'>credebam</span> <span class='ocrx_word' id='word_1_67' title='bbox 2354 1054 2432 1121; x_wconf 68' lang='lat'><strong>²¹²¹,</strong></span> <span class='ocrx_word' id='word_1_68' title='bbox 2450 1046 2522 1095; x_wconf 78' lang='lat' dir='ltr'><strong>in-</strong></span> 
     </span>
     <span class='ocr_line' id='line_1_8' title="bbox 127 1124 2561 1224; baseline 0.002 -24"><span class='ocrx_word' id='word_1_69' title='bbox 127 1145 196 1201; x_wconf 86' lang='lat' dir='ltr'><strong>et</strong></span> <span class='ocrx_word' id='word_1_70' title='bbox 223 1160 370 1201; x_wconf 87' lang='lat' dir='ltr'><strong>esse</strong></span> <span class='ocrx_word' id='word_1_71' title='bbox 397 1147 482 1216; x_wconf 90' lang='lat' dir='ltr'><strong>te,</strong></span> <span class='ocrx_word' id='word_1_72' title='bbox 513 1147 580 1202; x_wconf 90' lang='lat' dir='ltr'><strong>et</strong></span> <span class='ocrx_word' id='word_1_73' title='bbox 607 1160 746 1203; x_wconf 86' lang='lat' dir='ltr'><strong>esse</strong></span> <span class='ocrx_word' id='word_1_74' title='bbox 790 1141 1378 1205; x_wconf 78' lang='lat' dir='ltr'><strong>incommutabilem</strong></span> <span class='ocrx_word' id='word_1_75' title='bbox 1415 1142 1839 1205; x_wconf 70' lang='lat' dir='ltr'><strong>substantiam</strong></span> <span class='ocrx_word' id='word_1_76' title='bbox 1876 1150 2073 1221; x_wconf 90' lang='lat' dir='ltr'><strong>tuam,</strong></span> <span class='ocrx_word' id='word_1_77' title='bbox 2102 1150 2168 1206; x_wconf 90' lang='lat' dir='ltr'><strong>et</strong></span> <span class='ocrx_word' id='word_1_78' title='bbox 2198 1164 2339 1207; x_wconf 87' lang='lat' dir='ltr'><strong>esse</strong></span> <span class='ocrx_word' id='word_1_79' title='bbox 2352 1124 2561 1224; x_wconf 48' lang='lat'><strong>:¹1:332</strong></span> 
     </span>
     <span class='ocr_line' id='line_1_9' title="bbox 128 1239 2546 1327; baseline 0.003 -27"><span class='ocrx_word' id='word_1_80' title='bbox 128 1239 210 1301; x_wconf 88' lang='lat' dir='ltr'><strong>de</strong></span> <span class='ocrx_word' id='word_1_81' title='bbox 238 1239 621 1303; x_wconf 87' lang='lat' dir='ltr'><strong>hominibus</strong></span> <span class='ocrx_word' id='word_1_82' title='bbox 646 1262 864 1305; x_wconf 88' lang='lat' dir='ltr'><strong>curam</strong></span> <span class='ocrx_word' id='word_1_83' title='bbox 891 1250 960 1305; x_wconf 94' lang='lat' dir='ltr'><strong>et</strong></span> <span class='ocrx_word' id='word_1_84' title='bbox 975 1242 1295 1327; x_wconf 90' lang='lat' dir='ltr'><strong>judicium</strong></span> <span class='ocrx_word' id='word_1_85' title='bbox 1323 1250 1527 1318; x_wconf 89' lang='lat' dir='ltr'><strong>tuum,</strong></span> <span class='ocrx_word' id='word_1_86' title='bbox 1550 1250 1615 1307; x_wconf 90' lang='lat' dir='ltr'><strong>et</strong></span> <span class='ocrx_word' id='word_1_87' title='bbox 1638 1242 1709 1305; x_wconf 92' lang='lat' dir='ltr'><strong>in</strong></span> <span class='ocrx_word' id='word_1_88' title='bbox 1740 1243 2001 1307; x_wconf 83' lang='lat' dir='ltr'><strong>Christo</strong></span> <span class='ocrx_word' id='word_1_89' title='bbox 2028 1243 2199 1306; x_wconf 89' lang='lat' dir='ltr'><strong>Filio</strong></span> <span class='ocrx_word' id='word_1_90' title='bbox 2224 1252 2338 1307; x_wconf 91' lang='lat' dir='ltr'><strong>tuo</strong></span> <span class='ocrx_word' id='word_1_91' title='bbox 2352 1239 2546 1288; x_wconf 69' lang='lat' dir='ltr'><strong>maium.</strong></span> 
     </span>
     <span class='ocr_line' id='line_1_10' title="bbox 128 1338 2339 1427; baseline 0.004 -27"><span class='ocrx_word' id='word_1_92' title='bbox 128 1339 418 1401; x_wconf 88' lang='lat' dir='ltr'><strong>Domino</strong></span> <span class='ocrx_word' id='word_1_93' title='bbox 450 1348 690 1418; x_wconf 69' lang='lat' dir='ltr'><strong>nostr-0,</strong></span> <span class='ocrx_word' id='word_1_94' title='bbox 729 1349 922 1426; x_wconf 81' lang='lat' dir='ltr'><strong>atque</strong></span> <span class='ocrx_word' id='word_1_95' title='bbox 935 1338 966 1370; x_wconf 68' lang='lat'><strong>&#39;⁵</strong></span> <span class='ocrx_word' id='word_1_96' title='bbox 997 1343 1346 1425; x_wconf 88' lang='lat' dir='ltr'><strong>Scripturis</strong></span> <span class='ocrx_word' id='word_1_97' title='bbox 1383 1343 1623 1407; x_wconf 84' lang='lat' dir='ltr'><strong>sanctis</strong></span> <span class='ocrx_word' id='word_1_98' title='bbox 1662 1363 1825 1427; x_wconf 80' lang='lat' dir='ltr'><strong>quas</strong></span> <span class='ocrx_word' id='word_1_99' title='bbox 1852 1344 2171 1408; x_wconf 81' lang='lat' dir='ltr'><strong>Ecclesioe</strong></span> <span class='ocrx_word' id='word_1_100' title='bbox 2212 1353 2339 1409; x_wconf 84' lang='lat' dir='ltr'><strong>tuae</strong></span> 
     </span>
     <span class='ocr_line' id='line_1_11' title="bbox 130 1440 2341 1528; baseline 0.003 -26"><span class='ocrx_word' id='word_1_101' title='bbox 130 1440 469 1504; x_wconf 84' lang='lat' dir='ltr'><strong>catholicae</strong></span> <span class='ocrx_word' id='word_1_102' title='bbox 517 1442 990 1507; x_wconf 78' lang='lat' dir='ltr'><strong>commendaret</strong></span> <span class='ocrx_word' id='word_1_103' title='bbox 1037 1444 1401 1522; x_wconf 75' lang='lat' dir='ltr'><strong>auctoritas,</strong></span> <span class='ocrx_word' id='word_1_104' title='bbox 1441 1444 1613 1507; x_wconf 89' lang='lat' dir='ltr'><strong>viam</strong></span> <span class='ocrx_word' id='word_1_105' title='bbox 1656 1453 1721 1507; x_wconf 90' lang='lat' dir='ltr'><strong>te</strong></span> <span class='ocrx_word' id='word_1_106' title='bbox 1772 1445 2067 1528; x_wconf 82' lang='lat' dir='ltr'><strong>posuisse</strong></span> <span class='ocrx_word' id='word_1_107' title='bbox 2116 1446 2341 1509; x_wconf 87' lang='lat' dir='ltr'><strong>salutis</strong></span> 
     </span>
     <span class='ocr_line' id='line_1_12' title="bbox 124 1540 2337 1628; baseline 0.004 -26"><span class='ocrx_word' id='word_1_108' title='bbox 124 1541 455 1618; x_wconf 86' lang='lat' dir='ltr'><strong>humanae,</strong></span> <span class='ocrx_word' id='word_1_109' title='bbox 495 1540 580 1605; x_wconf 84' lang='lat' dir='ltr'><strong>ad</strong></span> <span class='ocrx_word' id='word_1_110' title='bbox 625 1564 768 1606; x_wconf 86' lang='lat' dir='ltr'><strong>eam</strong></span> <span class='ocrx_word' id='word_1_111' title='bbox 813 1543 1029 1622; x_wconf 80' lang='lat' dir='ltr'><strong>vitam,</strong></span> <span class='ocrx_word' id='word_1_112' title='bbox 1070 1566 1214 1628; x_wconf 84' lang='lat' dir='ltr'><strong>quae</strong></span> <span class='ocrx_word' id='word_1_113' title='bbox 1257 1552 1407 1627; x_wconf 91' lang='lat' dir='ltr'><strong>post</strong></span> <span class='ocrx_word' id='word_1_114' title='bbox 1446 1546 1617 1608; x_wconf 87' lang='lat' dir='ltr'><strong>hanc</strong></span> <span class='ocrx_word' id='word_1_115' title='bbox 1660 1554 1929 1609; x_wconf 85' lang='lat' dir='ltr'><strong>mortem</strong></span> <span class='ocrx_word' id='word_1_116' title='bbox 1972 1546 2186 1610; x_wconf 85' lang='lat' dir='ltr'><strong>futura</strong></span> <span class='ocrx_word' id='word_1_117' title='bbox 2220 1554 2337 1610; x_wconf 87' lang='lat' dir='ltr'><strong>est.</strong></span> 
     </span>
    </p>

    <p class='ocr_par' dir='ltr' id='par_1_4' title="bbox 123 1642 2548 3037">
     <span class='ocr_line' id='line_1_13' title="bbox 131 1642 2341 1728; baseline 0.003 -24"><span class='ocrx_word' id='word_1_118' title='bbox 131 1642 262 1704; x_wconf 91' lang='lat' dir='ltr'><strong>His</strong></span> <span class='ocrx_word' id='word_1_119' title='bbox 301 1642 524 1727; x_wconf 84' lang='lat' dir='ltr'><strong>itaque</strong></span> <span class='ocrx_word' id='word_1_120' title='bbox 568 1644 780 1724; x_wconf 83' lang='lat' dir='ltr'><strong>salvis,</strong></span> <span class='ocrx_word' id='word_1_121' title='bbox 815 1652 1006 1728; x_wconf 83' lang='lat' dir='ltr'><strong>atque</strong></span> <span class='ocrx_word' id='word_1_122' title='bbox 1043 1646 1429 1709; x_wconf 78' lang='lat' dir='ltr'><strong>inconcusse</strong></span> <span class='ocrx_word' id='word_1_123' title='bbox 1467 1645 1779 1709; x_wconf 87' lang='lat' dir='ltr'><strong>roboratis</strong></span> <span class='ocrx_word' id='word_1_124' title='bbox 1814 1646 1883 1708; x_wconf 86' lang='lat' dir='ltr'><strong>in</strong></span> <span class='ocrx_word' id='word_1_125' title='bbox 1922 1647 2137 1709; x_wconf 83' lang='lat' dir='ltr'><strong>animo</strong></span> <span class='ocrx_word' id='word_1_126' title='bbox 2172 1668 2341 1725; x_wconf 91' lang='lat' dir='ltr'><strong>meo,</strong></span> 
     </span>
     <span class='ocr_line' id='line_1_14' title="bbox 127 1745 2341 1826; baseline 0.003 -21"><span class='ocrx_word' id='word_1_127' title='bbox 127 1745 500 1826; x_wconf 83' lang='lat' dir='ltr'><strong>quaerebam</strong></span> <span class='ocrx_word' id='word_1_128' title='bbox 561 1754 836 1808; x_wconf 64' lang='lat' dir='ltr'><strong>aestuans</strong></span> <span class='ocrx_word' id='word_1_129' title='bbox 893 1745 1062 1808; x_wconf 89' lang='lat' dir='ltr'><strong>unde</strong></span> <span class='ocrx_word' id='word_1_130' title='bbox 1123 1746 1208 1808; x_wconf 88' lang='lat' dir='ltr'><strong>sit</strong></span> <span class='ocrx_word' id='word_1_131' title='bbox 1261 1746 1520 1808; x_wconf 88' lang='lat' dir='ltr'><strong>malum.</strong></span> <span class='ocrx_word' id='word_1_132' title='bbox 1639 1748 1803 1819; x_wconf 81' lang='lat' dir='ltr'><strong>Quae</strong></span> <span class='ocrx_word' id='word_1_133' title='bbox 1859 1746 1975 1809; x_wconf 88' lang='lat' dir='ltr'><strong>illa</strong></span> <span class='ocrx_word' id='word_1_134' title='bbox 2028 1753 2341 1812; x_wconf 85' lang='lat' dir='ltr'><strong>tormenta</strong></span> 
     </span>
     <span class='ocr_line' id='line_1_15' title="bbox 125 1842 2343 1929; baseline 0.001 -22"><span class='ocrx_word' id='word_1_135' title='bbox 125 1844 546 1926; x_wconf 83' lang='lat' dir='ltr'><strong>parturientis</strong></span> <span class='ocrx_word' id='word_1_136' title='bbox 574 1844 784 1908; x_wconf 87' lang='lat' dir='ltr'><strong>cordis</strong></span> <span class='ocrx_word' id='word_1_137' title='bbox 813 1842 971 1908; x_wconf 90' lang='lat' dir='ltr'><strong>mei!</strong></span> <span class='ocrx_word' id='word_1_138' title='bbox 1021 1846 1137 1929; x_wconf 83' lang='lat' dir='ltr'><strong>qui</strong></span> <span class='ocrx_word' id='word_1_139' title='bbox 1166 1846 1461 1925; x_wconf 79' lang='lat' dir='ltr'><strong>gemituS,</strong></span> <span class='ocrx_word' id='word_1_140' title='bbox 1480 1846 1664 1908; x_wconf 89' lang='lat' dir='ltr'><strong>Deus</strong></span> <span class='ocrx_word' id='word_1_141' title='bbox 1684 1842 1894 1908; x_wconf 90' lang='lat' dir='ltr'><strong>meus!</strong></span> <span class='ocrx_word' id='word_1_142' title='bbox 1943 1846 2036 1910; x_wconf 92' lang='lat' dir='ltr'><strong>Et</strong></span> <span class='ocrx_word' id='word_1_143' title='bbox 2046 1847 2142 1909; x_wconf 91' lang='lat' dir='ltr'><strong>ibi</strong></span> <span class='ocrx_word' id='word_1_144' title='bbox 2160 1855 2343 1911; x_wconf 83' lang='lat' dir='ltr'><strong>erant</strong></span> 
     </span>
     <span class='ocr_line' id='line_1_16' title="bbox 127 1945 2337 2030; baseline 0.001 -23"><span class='ocrx_word' id='word_1_145' title='bbox 127 1966 316 2008; x_wconf 87' lang='lat' dir='ltr'><strong>aures</strong></span> <span class='ocrx_word' id='word_1_146' title='bbox 359 1955 514 2026; x_wconf 84' lang='lat' dir='ltr'><strong>tuae,</strong></span> <span class='ocrx_word' id='word_1_147' title='bbox 551 1946 876 2010; x_wconf 83' lang='lat' dir='ltr'><strong>nesciente</strong></span> <span class='ocrx_word' id='word_1_148' title='bbox 917 1968 1037 2009; x_wconf 91' lang='lat' dir='ltr'><strong>me.</strong></span> <span class='ocrx_word' id='word_1_149' title='bbox 1128 1947 1221 2009; x_wconf 92' lang='lat' dir='ltr'><strong>Et</strong></span> <span class='ocrx_word' id='word_1_150' title='bbox 1257 1966 1404 2009; x_wconf 91' lang='lat' dir='ltr'><strong>cum</strong></span> <span class='ocrx_word' id='word_1_151' title='bbox 1447 1946 1518 2007; x_wconf 89' lang='lat' dir='ltr'><strong>in</strong></span> <span class='ocrx_word' id='word_1_152' title='bbox 1570 1945 1824 2009; x_wconf 85' lang='lat' dir='ltr'><strong>silentio</strong></span> <span class='ocrx_word' id='word_1_153' title='bbox 1871 1946 2117 2009; x_wconf 85' lang='lat' dir='ltr'><strong>fortiter</strong></span> <span class='ocrx_word' id='word_1_154' title='bbox 2161 1968 2337 2030; x_wconf 83' lang='lat' dir='ltr'><strong>quae-</strong></span> 
     </span>
     <span class='ocr_line' id='line_1_17' title="bbox 125 2045 2361 2129; baseline 0.002 -22"><span class='ocrx_word' id='word_1_155' title='bbox 125 2066 352 2123; x_wconf 86' lang='lat' dir='ltr'><strong>rerem,</strong></span> <span class='ocrx_word' id='word_1_156' title='bbox 405 2067 658 2129; x_wconf 80' lang='lat' dir='ltr'><strong>magnae</strong></span> <span class='ocrx_word' id='word_1_157' title='bbox 707 2068 900 2111; x_wconf 82' lang='lat' dir='ltr'><strong>voces</strong></span> <span class='ocrx_word' id='word_1_158' title='bbox 957 2055 1138 2111; x_wconf 87' lang='lat' dir='ltr'><strong>erant</strong></span> <span class='ocrx_word' id='word_1_159' title='bbox 1185 2047 1268 2111; x_wconf 92' lang='lat' dir='ltr'><strong>ad</strong></span> <span class='ocrx_word' id='word_1_160' title='bbox 1317 2045 1821 2109; x_wconf 86' lang='lat' dir='ltr'><strong>misericordiam</strong></span> <span class='ocrx_word' id='word_1_161' title='bbox 1878 2055 2075 2127; x_wconf 71' lang='lat' dir='ltr'><strong>triam,</strong></span> <span class='ocrx_word' id='word_1_162' title='bbox 2124 2048 2361 2111; x_wconf 80' lang='lat' dir='ltr'><strong>tacitae-</strong></span> 
     </span>
     <span class='ocr_line' id='line_1_18' title="bbox 125 2145 2341 2229; baseline 0.001 -21"><span class='ocrx_word' id='word_1_163' title='bbox 125 2146 548 2211; x_wconf 81' lang='lat' dir='ltr'><strong>contritiones</strong></span> <span class='ocrx_word' id='word_1_164' title='bbox 577 2148 775 2211; x_wconf 84' lang='lat' dir='ltr'><strong>animi</strong></span> <span class='ocrx_word' id='word_1_165' title='bbox 809 2146 958 2210; x_wconf 88' lang='lat' dir='ltr'><strong>mei.</strong></span> <span class='ocrx_word' id='word_1_166' title='bbox 1047 2148 1153 2211; x_wconf 91' lang='lat' dir='ltr'><strong>Tu</strong></span> <span class='ocrx_word' id='word_1_167' title='bbox 1189 2147 1440 2211; x_wconf 77' lang='lat' dir='ltr'><strong>sciebas</strong></span> <span class='ocrx_word' id='word_1_168' title='bbox 1479 2145 1640 2229; x_wconf 90' lang='lat' dir='ltr'><strong>quid</strong></span> <span class='ocrx_word' id='word_1_169' title='bbox 1680 2147 1993 2229; x_wconf 84' lang='lat' dir='ltr'><strong>patiebar,</strong></span> <span class='ocrx_word' id='word_1_170' title='bbox 2020 2156 2087 2211; x_wconf 88' lang='lat' dir='ltr'><strong>et</strong></span> <span class='ocrx_word' id='word_1_171' title='bbox 2122 2148 2341 2211; x_wconf 87' lang='lat' dir='ltr'><strong>nullus</strong></span> 
     </span>
     <span class='ocr_line' id='line_1_19' title="bbox 124 2244 2341 2332; baseline 0.002 -24"><span class='ocrx_word' id='word_1_172' title='bbox 124 2247 484 2310; x_wconf 89' lang='lat' dir='ltr'><strong>hominum.</strong></span> <span class='ocrx_word' id='word_1_173' title='bbox 573 2249 901 2321; x_wconf 79' lang='lat' dir='ltr'><strong>Quantum</strong></span> <span class='ocrx_word' id='word_1_174' title='bbox 944 2248 1117 2311; x_wconf 86' lang='lat' dir='ltr'><strong>enim</strong></span> <span class='ocrx_word' id='word_1_175' title='bbox 1165 2244 1302 2311; x_wconf 84' lang='lat' dir='ltr'><strong>era&#39;t</strong></span> <span class='ocrx_word' id='word_1_176' title='bbox 1349 2246 1527 2332; x_wconf 91' lang='lat' dir='ltr'><strong>quod</strong></span> <span class='ocrx_word' id='word_1_177' title='bbox 1573 2245 1727 2310; x_wconf 88' lang='lat' dir='ltr'><strong>inde</strong></span> <span class='ocrx_word' id='word_1_178' title='bbox 1772 2247 2179 2328; x_wconf 83' lang='lat' dir='ltr'><strong>digerebatur</strong></span> <span class='ocrx_word' id='word_1_179' title='bbox 2224 2268 2341 2332; x_wconf 84' lang='lat' dir='ltr'><strong>per</strong></span> 
     </span>
     <span class='ocr_line' id='line_1_20' title="bbox 125 2344 2338 2435; baseline 0 -24"><span class='ocrx_word' id='word_1_180' title='bbox 125 2348 418 2435; x_wconf 74' lang='lat' dir='ltr'><strong>linguam</strong></span> <span class='ocrx_word' id='word_1_181' title='bbox 461 2370 671 2413; x_wconf 90' lang='lat' dir='ltr'><strong>meam</strong></span> <span class='ocrx_word' id='word_1_182' title='bbox 707 2350 775 2411; x_wconf 91' lang='lat' dir='ltr'><strong>in</strong></span> <span class='ocrx_word' id='word_1_183' title='bbox 818 2368 1004 2413; x_wconf 88' lang='lat' dir='ltr'><strong>aures</strong></span> <span class='ocrx_word' id='word_1_184' title='bbox 1043 2348 1678 2411; x_wconf 76' lang='lat' dir='ltr'><strong>familiarissimorum</strong></span> <span class='ocrx_word' id='word_1_185' title='bbox 1722 2344 2042 2411; x_wconf 82' lang='lat' dir='ltr'><strong>meorum?</strong></span> <span class='ocrx_word' id='word_1_186' title='bbox 2132 2350 2338 2412; x_wconf 88' lang='lat' dir='ltr'><strong>Num·</strong></span> 
     </span>
     <span class='ocr_line' id='line_1_21' title="bbox 127 2449 2339 2534; baseline 0 -22"><span class='ocrx_word' id='word_1_187' title='bbox 127 2450 291 2532; x_wconf 93' lang='lat' dir='ltr'><strong>quid</strong></span> <span class='ocrx_word' id='word_1_188' title='bbox 338 2456 518 2513; x_wconf 86' lang='lat' dir='ltr'><strong>totus</strong></span> <span class='ocrx_word' id='word_1_189' title='bbox 563 2450 874 2514; x_wconf 88' lang='lat' dir='ltr'><strong>tumultus</strong></span> <span class='ocrx_word' id='word_1_190' title='bbox 921 2450 1152 2514; x_wconf 84' lang='lat' dir='ltr'><strong>animae</strong></span> <span class='ocrx_word' id='word_1_191' title='bbox 1200 2470 1382 2527; x_wconf 63' lang='lat' dir='ltr'><strong>meae,</strong></span> <span class='ocrx_word' id='word_1_192' title='bbox 1422 2449 1530 2512; x_wconf 86' lang='lat' dir='ltr'><strong>cui</strong></span> <span class='ocrx_word' id='word_1_193' title='bbox 1563 2470 1699 2521; x_wconf 61' lang='lat' dir='ltr'><strong>,nec</strong></span> <span class='ocrx_word' id='word_1_194' title='bbox 1751 2456 2058 2534; x_wconf 84' lang='lat' dir='ltr'><strong>tempora,</strong></span> <span class='ocrx_word' id='word_1_195' title='bbox 2096 2471 2217 2513; x_wconf 90' lang='lat' dir='ltr'><strong>nec</strong></span> <span class='ocrx_word' id='word_1_196' title='bbox 2263 2471 2339 2513; x_wconf 87' lang='lat' dir='ltr'><strong>os</strong></span> 
     </span>
     <span class='ocr_line' id='line_1_22' title="bbox 123 2550 2338 2628; baseline 0.001 -16"><span class='ocrx_word' id='word_1_197' title='bbox 123 2570 342 2612; x_wconf 91' lang='lat' dir='ltr'><strong>meum</strong></span> <span class='ocrx_word' id='word_1_198' title='bbox 371 2551 756 2628; x_wconf 87' lang='lat' dir='ltr'><strong>sufficiebat,</strong></span> <span class='ocrx_word' id='word_1_199' title='bbox 785 2552 1056 2614; x_wconf 86' lang='lat' dir='ltr'><strong>sonabat</strong></span> <span class='ocrx_word' id='word_1_200' title='bbox 1082 2550 1214 2613; x_wconf 86' lang='lat' dir='ltr'><strong>eis?</strong></span> <span class='ocrx_word' id='word_1_201' title='bbox 1281 2552 1518 2613; x_wconf 91' lang='lat' dir='ltr'><strong>Totum</strong></span> <span class='ocrx_word' id='word_1_202' title='bbox 1545 2557 1763 2614; x_wconf 85' lang='lat' dir='ltr'><strong>tamen</strong></span> <span class='ocrx_word' id='word_1_203' title='bbox 1789 2550 1926 2613; x_wconf 82' lang='lat' dir='ltr'><strong>ibat</strong></span> <span class='ocrx_word' id='word_1_204' title='bbox 1951 2550 2021 2612; x_wconf 91' lang='lat' dir='ltr'><strong>in</strong></span> <span class='ocrx_word' id='word_1_205' title='bbox 2050 2550 2338 2615; x_wconf 86' lang='lat' dir='ltr'><strong>auditum</strong></span> 
     </span>
     <span class='ocr_line' id='line_1_23' title="bbox 125 2650 2548 2736; baseline 0 -23"><span class='ocrx_word' id='word_1_206' title='bbox 125 2659 332 2727; x_wconf 91' lang='lat' dir='ltr'><strong>tuum,</strong></span> <span class='ocrx_word' id='word_1_207' title='bbox 384 2650 566 2736; x_wconf 91' lang='lat' dir='ltr'><strong>quod</strong></span> <span class='ocrx_word' id='word_1_208' title='bbox 609 2651 941 2733; x_wconf 71' lang='lat' dir='ltr'><strong>ruqiebam</strong></span> <span class='ocrx_word' id='word_1_209' title='bbox 980 2672 1026 2713; x_wconf 87' lang='lat' dir='ltr'><strong>a</strong></span> <span class='ocrx_word' id='word_1_210' title='bbox 1060 2653 1310 2731; x_wconf 71' lang='lat' dir='ltr'><strong>y&#39;emz&#39;tw</strong></span> <span class='ocrx_word' id='word_1_211' title='bbox 1359 2650 1573 2713; x_wconf 69' lang='lat' dir='ltr'><strong>cordis</strong></span> <span class='ocrx_word' id='word_1_212' title='bbox 1606 2652 1759 2729; x_wconf 77' lang='lat' dir='ltr'><strong>mei,</strong></span> <span class='ocrx_word' id='word_1_213' title='bbox 1797 2658 1863 2714; x_wconf 88' lang='lat' dir='ltr'><strong>et</strong></span> <span class='ocrx_word' id='word_1_214' title='bbox 1897 2659 2055 2713; x_wconf 79' lang='lat' dir='ltr'><strong>ante</strong></span> <span class='ocrx_word' id='word_1_215' title='bbox 2092 2660 2157 2713; x_wconf 79' lang='lat' dir='ltr'><strong>te</strong></span> <span class='ocrx_word' id='word_1_216' title='bbox 2190 2659 2338 2714; x_wconf 83' lang='lat' dir='ltr'><strong>erat</strong></span> <span class='ocrx_word' id='word_1_217' title='bbox 2352 2666 2433 2716; x_wconf 73' lang='lat' dir='ltr'><strong>Pa.</strong></span> <span class='ocrx_word' id='word_1_218' title='bbox 2462 2666 2548 2723; x_wconf 80' lang='grc'><strong>37,</strong></span> 
     </span>
     <span class='ocr_line' id='line_1_24' title="bbox 123 2730 2532 2828; baseline 0.001 -15"><span class='ocrx_word' id='word_1_219' title='bbox 123 2752 525 2815; x_wconf 71' lang='lat' dir='ltr'><strong>desiderium</strong></span> <span class='ocrx_word' id='word_1_220' title='bbox 593 2772 830 2828; x_wconf 78' lang='lat' dir='ltr'><strong>meum,</strong></span> <span class='ocrx_word' id='word_1_221' title='bbox 886 2760 952 2815; x_wconf 83' lang='lat' dir='ltr'><strong>et</strong></span> <span class='ocrx_word' id='word_1_222' title='bbox 1008 2754 1226 2815; x_wconf 80' lang='lat' dir='ltr'><strong>lumen</strong></span> <span class='ocrx_word' id='word_1_223' title='bbox 1281 2754 1611 2814; x_wconf 76' lang='lat' dir='ltr'><strong>oculorum</strong></span> <span class='ocrx_word' id='word_1_224' title='bbox 1666 2772 1952 2815; x_wconf 78' lang='lat' dir='ltr'><strong>meorum</strong></span> <span class='ocrx_word' id='word_1_225' title='bbox 2010 2773 2139 2815; x_wconf 80' lang='lat' dir='ltr'><strong>mm</strong></span> <span class='ocrx_word' id='word_1_226' title='bbox 2192 2762 2337 2815; x_wconf 79' lang='lat' dir='ltr'><strong>erat</strong></span> <span class='ocrx_word' id='word_1_227' title='bbox 2351 2730 2532 2779; x_wconf 78' lang='lat'><strong>9-11.</strong></span> 
     </span>
     <span class='ocr_line' id='line_1_25' title="bbox 125 2852 2340 2933; baseline 0.001 -19"><span class='ocrx_word' id='word_1_228' title='bbox 125 2873 403 2915; x_wconf 75' lang='lat' dir='ltr'><strong>mecum.</strong></span> <span class='ocrx_word' id='word_1_229' title='bbox 511 2854 700 2916; x_wconf 85' lang='lat' dir='ltr'><strong>Intus</strong></span> <span class='ocrx_word' id='word_1_230' title='bbox 745 2852 915 2915; x_wconf 86' lang='lat' dir='ltr'><strong>enim</strong></span> <span class='ocrx_word' id='word_1_231' title='bbox 967 2861 1120 2929; x_wconf 85' lang='lat' dir='ltr'><strong>erat,</strong></span> <span class='ocrx_word' id='word_1_232' title='bbox 1167 2872 1286 2933; x_wconf 82' lang='lat' dir='ltr'><strong>ego</strong></span> <span class='ocrx_word' id='word_1_233' title='bbox 1347 2859 1563 2915; x_wconf 86' lang='lat' dir='ltr'><strong>autem</strong></span> <span class='ocrx_word' id='word_1_234' title='bbox 1616 2852 1789 2915; x_wconf 84' lang='lat' dir='ltr'><strong>foris.</strong></span> <span class='ocrx_word' id='word_1_235' title='bbox 1881 2854 2023 2919; x_wconf 84' lang='lat' dir='ltr'><strong>Nec</strong></span> <span class='ocrx_word' id='word_1_236' title='bbox 2072 2853 2141 2915; x_wconf 90' lang='lat' dir='ltr'><strong>in</strong></span> <span class='ocrx_word' id='word_1_237' title='bbox 2190 2854 2340 2917; x_wconf 88' lang='lat' dir='ltr'><strong>loco</strong></span> 
     </span>
     <span class='ocr_line' id='line_1_26' title="bbox 123 2952 2337 3037; baseline 0 -22"><span class='ocrx_word' id='word_1_238' title='bbox 123 2953 316 3017; x_wconf 88' lang='lat' dir='ltr'><strong>illud:</strong></span> <span class='ocrx_word' id='word_1_239' title='bbox 366 2961 436 3017; x_wconf 89' lang='lat' dir='ltr'><strong>at</strong></span> <span class='ocrx_word' id='word_1_240' title='bbox 463 2974 586 3036; x_wconf 82' lang='lat' dir='ltr'><strong>ego</strong></span> <span class='ocrx_word' id='word_1_241' title='bbox 625 2952 1034 3017; x_wconf 82' lang='lat' dir='ltr'><strong>intendebam</strong></span> <span class='ocrx_word' id='word_1_242' title='bbox 1062 2954 1134 3015; x_wconf 92' lang='lat' dir='ltr'><strong>in</strong></span> <span class='ocrx_word' id='word_1_243' title='bbox 1163 2974 1242 3016; x_wconf 88' lang='lat' dir='ltr'><strong>ea</strong></span> <span class='ocrx_word' id='word_1_244' title='bbox 1269 2974 1414 3037; x_wconf 83' lang='lat' dir='ltr'><strong>quae</strong></span> <span class='ocrx_word' id='word_1_245' title='bbox 1455 2953 1621 3017; x_wconf 87' lang='lat' dir='ltr'><strong>locis</strong></span> <span class='ocrx_word' id='word_1_246' title='bbox 1656 2953 2079 3031; x_wconf 74' lang='lat' dir='ltr'><strong>continentur,</strong></span> <span class='ocrx_word' id='word_1_247' title='bbox 2108 2962 2173 3017; x_wconf 87' lang='lat' dir='ltr'><strong>et</strong></span> <span class='ocrx_word' id='word_1_248' title='bbox 2203 2974 2337 3015; x_wconf 90' lang='lat' dir='ltr'><strong>non</strong></span> 
     </span>
    </p>

    <p class='ocr_par' dir='ltr' id='par_1_5' title="bbox 123 3052 2333 3138">
     <span class='ocr_line' id='line_1_27' title="bbox 123 3052 2333 3138; baseline 0 -23"><span class='ocrx_word' id='word_1_249' title='bbox 123 3054 218 3115; x_wconf 90' lang='lat' dir='ltr'><strong>ibi</strong></span> <span class='ocrx_word' id='word_1_250' title='bbox 269 3055 682 3118; x_wconf 84' lang='lat' dir='ltr'><strong>inveniebam</strong></span> <span class='ocrx_word' id='word_1_251' title='bbox 725 3056 941 3118; x_wconf 89' lang='lat' dir='ltr'><strong>locum</strong></span> <span class='ocrx_word' id='word_1_252' title='bbox 983 3053 1068 3117; x_wconf 85' lang='lat' dir='ltr'><strong>ad</strong></span> <span class='ocrx_word' id='word_1_253' title='bbox 1107 3052 1672 3138; x_wconf 84' lang='lat' dir='ltr'><strong>requiescendum3</strong></span> <span class='ocrx_word' id='word_1_254' title='bbox 1732 3075 1854 3118; x_wconf 87' lang='lat' dir='ltr'><strong>nec</strong></span> <span class='ocrx_word' id='word_1_255' title='bbox 1898 3053 2333 3135; x_wconf 72' lang='lat' dir='ltr'><strong>recipiebant·</strong></span> 
     </span>
    </p>

    <p class='ocr_par' dir='ltr' id='par_1_6' title="bbox 127 3155 2365 3342">
     <span class='ocr_line' id='line_1_28' title="bbox 127 3155 2365 3234; baseline -0 -15"><span class='ocrx_word' id='word_1_256' title='bbox 127 3178 227 3220; x_wconf 90' lang='lat' dir='ltr'><strong>me</strong></span> <span class='ocrx_word' id='word_1_257' title='bbox 271 3157 404 3221; x_wconf 76' lang='lat' dir='ltr'><strong>ista</strong></span> <span class='ocrx_word' id='word_1_258' title='bbox 453 3166 527 3220; x_wconf 87' lang='lat' dir='ltr'><strong>ut</strong></span> <span class='ocrx_word' id='word_1_259' title='bbox 576 3157 873 3234; x_wconf 87' lang='lat' dir='ltr'><strong>dicerem,</strong></span> <span class='ocrx_word' id='word_1_260' title='bbox 920 3158 1036 3221; x_wconf 85' lang='lat' dir='ltr'><strong>Sat</strong></span> <span class='ocrx_word' id='word_1_261' title='bbox 1078 3166 1196 3234; x_wconf 90' lang='lat' dir='ltr'><strong>est,</strong></span> <span class='ocrx_word' id='word_1_262' title='bbox 1242 3165 1310 3221; x_wconf 92' lang='lat' dir='ltr'><strong>et</strong></span> <span class='ocrx_word' id='word_1_263' title='bbox 1355 3159 1523 3220; x_wconf 89' lang='lat' dir='ltr'><strong>bene</strong></span> <span class='ocrx_word' id='word_1_264' title='bbox 1577 3165 1706 3234; x_wconf 86' lang='lat' dir='ltr'><strong>est3</strong></span> <span class='ocrx_word' id='word_1_265' title='bbox 1766 3177 1888 3219; x_wconf 89' lang='lat' dir='ltr'><strong>nec</strong></span> <span class='ocrx_word' id='word_1_266' title='bbox 1934 3155 2365 3219; x_wconf 80' lang='lat' dir='ltr'><strong>dimittebant·</strong></span> 
     </span>
     <span class='ocr_line' id='line_1_29' title="bbox 127 3256 2339 3342; baseline -0.001 -21"><span class='ocrx_word' id='word_1_267' title='bbox 127 3259 356 3337; x_wconf 88' lang='lat' dir='ltr'><strong>redire,</strong></span> <span class='ocrx_word' id='word_1_268' title='bbox 385 3260 504 3323; x_wconf 89' lang='lat' dir='ltr'><strong>ubi</strong></span> <span class='ocrx_word' id='word_1_269' title='bbox 533 3260 694 3322; x_wconf 89' lang='lat' dir='ltr'><strong>mihi</strong></span> <span class='ocrx_word' id='word_1_270' title='bbox 737 3260 892 3323; x_wconf 84' lang='lat' dir='ltr'><strong>satis</strong></span> <span class='ocrx_word' id='word_1_271' title='bbox 928 3266 1099 3322; x_wconf 86' lang='lat' dir='ltr'><strong>esset</strong></span> <span class='ocrx_word' id='word_1_272' title='bbox 1133 3261 1320 3322; x_wconf 89' lang='lat' dir='ltr'><strong>bene.</strong></span> <span class='ocrx_word' id='word_1_273' title='bbox 1411 3258 1715 3342; x_wconf 87' lang='lat' dir='ltr'><strong>Superior</strong></span> <span class='ocrx_word' id='word_1_274' title='bbox 1752 3256 1924 3320; x_wconf 84' lang='lat' dir='ltr'><strong>euim</strong></span> <span class='ocrx_word' id='word_1_275' title='bbox 1966 3277 2139 3320; x_wconf 90' lang='lat' dir='ltr'><strong>eram</strong></span> <span class='ocrx_word' id='word_1_276' title='bbox 2174 3256 2339 3334; x_wconf 87' lang='lat' dir='ltr'><strong>istis,</strong></span> 
     </span>
    </p>

    <p class='ocr_par' dir='ltr' id='par_1_7' title="bbox 127 3356 2344 3440">
     <span class='ocr_line' id='line_1_30' title="bbox 127 3356 2344 3440; baseline -0.001 -17"><span class='ocrx_word' id='word_1_277' title='bbox 127 3370 190 3423; x_wconf 89' lang='lat' dir='ltr'><strong>te</strong></span> <span class='ocrx_word' id='word_1_278' title='bbox 215 3368 438 3424; x_wconf 87' lang='lat' dir='ltr'><strong>autem</strong></span> <span class='ocrx_word' id='word_1_279' title='bbox 481 3359 766 3437; x_wconf 82' lang='lat' dir='ltr'><strong>inferior3</strong></span> <span class='ocrx_word' id='word_1_280' title='bbox 809 3368 876 3423; x_wconf 89' lang='lat' dir='ltr'><strong>et</strong></span> <span class='ocrx_word' id='word_1_281' title='bbox 903 3368 976 3423; x_wconf 90' lang='lat' dir='ltr'><strong>tu</strong></span> <span class='ocrx_word' id='word_1_282' title='bbox 1007 3358 1312 3440; x_wconf 82' lang='lat' dir='ltr'><strong>gaudium</strong></span> <span class='ocrx_word' id='word_1_283' title='bbox 1354 3380 1574 3422; x_wconf 90' lang='lat' dir='ltr'><strong>verum</strong></span> <span class='ocrx_word' id='word_1_284' title='bbox 1607 3358 1769 3420; x_wconf 85' lang='lat' dir='ltr'><strong>mihi</strong></span> <span class='ocrx_word' id='word_1_285' title='bbox 1808 3356 2067 3421; x_wconf 86' lang='lat' dir='ltr'><strong>subdito</strong></span> <span class='ocrx_word' id='word_1_286' title='bbox 2104 3356 2247 3433; x_wconf 88' lang='lat' dir='ltr'><strong>tibi,</strong></span> <span class='ocrx_word' id='word_1_287' title='bbox 2276 3364 2344 3421; x_wconf 88' lang='lat' dir='ltr'><strong>et</strong></span> 
     </span>
    </p>

    <p class='ocr_par' dir='ltr' id='par_1_8' title="bbox 127 3459 2558 3944">
     <span class='ocr_line' id='line_1_31' title="bbox 127 3459 2341 3545; baseline -0.001 -22"><span class='ocrx_word' id='word_1_288' title='bbox 127 3469 198 3523; x_wconf 91' lang='lat' dir='ltr'><strong>tu</strong></span> <span class='ocrx_word' id='word_1_289' title='bbox 223 3461 393 3523; x_wconf 86' lang='lat' dir='ltr'><strong>mihi</strong></span> <span class='ocrx_word' id='word_1_290' title='bbox 425 3460 787 3545; x_wconf 84' lang='lat' dir='ltr'><strong>subjeceras</strong></span> <span class='ocrx_word' id='word_1_291' title='bbox 818 3482 964 3544; x_wconf 83' lang='lat' dir='ltr'><strong>quae</strong></span> <span class='ocrx_word' id='word_1_292' title='bbox 993 3460 1160 3523; x_wconf 85' lang='lat' dir='ltr'><strong>infra</strong></span> <span class='ocrx_word' id='word_1_293' title='bbox 1185 3481 1288 3522; x_wconf 89' lang='lat' dir='ltr'><strong>me</strong></span> <span class='ocrx_word' id='word_1_294' title='bbox 1321 3460 1569 3523; x_wconf 86' lang='lat' dir='ltr'><strong>creasti.</strong></span> <span class='ocrx_word' id='word_1_295' title='bbox 1656 3461 1748 3522; x_wconf 90' lang='lat' dir='ltr'><strong>Et</strong></span> <span class='ocrx_word' id='word_1_296' title='bbox 1774 3459 1901 3521; x_wconf 90' lang='lat' dir='ltr'><strong>hoc</strong></span> <span class='ocrx_word' id='word_1_297' title='bbox 1932 3465 2067 3521; x_wconf 87' lang='lat' dir='ltr'><strong>erat</strong></span> <span class='ocrx_word' id='word_1_298' title='bbox 2097 3467 2341 3520; x_wconf 88' lang='lat' dir='ltr'><strong>rectum</strong></span> 
     </span>
     <span class='ocr_line' id='line_1_32' title="bbox 128 3558 2343 3643; baseline -0 -20"><span class='ocrx_word' id='word_1_299' title='bbox 128 3568 703 3643; x_wconf 82' lang='lat' dir='ltr'><strong>temperamentum</strong></span> <span class='ocrx_word' id='word_1_300' title='bbox 714 3566 760 3640; x_wconf 62' lang='grc' dir='ltr'><strong>ς,</strong></span> <span class='ocrx_word' id='word_1_301' title='bbox 789 3572 855 3623; x_wconf 89' lang='lat' dir='ltr'><strong>et</strong></span> <span class='ocrx_word' id='word_1_302' title='bbox 879 3560 1094 3623; x_wconf 82' lang='lat' dir='ltr'><strong>media</strong></span> <span class='ocrx_word' id='word_1_303' title='bbox 1116 3561 1296 3641; x_wconf 81' lang='lat' dir='ltr'><strong>regio</strong></span> <span class='ocrx_word' id='word_1_304' title='bbox 1327 3560 1552 3624; x_wconf 78' lang='lat' dir='ltr'><strong>salutis</strong></span> <span class='ocrx_word' id='word_1_305' title='bbox 1579 3580 1762 3637; x_wconf 83' lang='lat' dir='ltr'><strong>meae,</strong></span> <span class='ocrx_word' id='word_1_306' title='bbox 1789 3568 1865 3623; x_wconf 91' lang='lat' dir='ltr'><strong>ut</strong></span> <span class='ocrx_word' id='word_1_307' title='bbox 1898 3579 2218 3621; x_wconf 83' lang='lat' dir='ltr'><strong>manerem</strong></span> <span class='ocrx_word' id='word_1_308' title='bbox 2258 3558 2343 3622; x_wconf 88' lang='lat' dir='ltr'><strong>ad</strong></span> 
     </span>
     <span class='ocr_line' id='line_1_33' title="bbox 127 3659 2341 3744; baseline -0 -21"><span class='ocrx_word' id='word_1_309' title='bbox 127 3662 482 3743; x_wconf 82' lang='lat' dir='ltr'><strong>imaginem</strong></span> <span class='ocrx_word' id='word_1_310' title='bbox 510 3671 709 3739; x_wconf 89' lang='lat' dir='ltr'><strong>tuam,</strong></span> <span class='ocrx_word' id='word_1_311' title='bbox 736 3670 802 3724; x_wconf 89' lang='lat' dir='ltr'><strong>et</strong></span> <span class='ocrx_word' id='word_1_312' title='bbox 827 3661 949 3724; x_wconf 87' lang='lat' dir='ltr'><strong>tibi</strong></span> <span class='ocrx_word' id='word_1_313' title='bbox 979 3662 1260 3725; x_wconf 88' lang='lat' dir='ltr'><strong>serviens</strong></span> <span class='ocrx_word' id='word_1_314' title='bbox 1289 3660 1649 3725; x_wconf 87' lang='lat' dir='ltr'><strong>dominarer</strong></span> <span class='ocrx_word' id='word_1_315' title='bbox 1676 3662 1944 3744; x_wconf 87' lang='lat' dir='ltr'><strong>corpori.</strong></span> <span class='ocrx_word' id='word_1_316' title='bbox 2034 3659 2166 3723; x_wconf 90' lang='lat' dir='ltr'><strong>Sed</strong></span> <span class='ocrx_word' id='word_1_317' title='bbox 2194 3680 2341 3723; x_wconf 90' lang='lat' dir='ltr'><strong>cum</strong></span> 
     </span>
     <span class='ocr_line' id='line_1_34' title="bbox 130 3761 2558 3846; baseline -0.001 -21"><span class='ocrx_word' id='word_1_318' title='bbox 130 3764 407 3846; x_wconf 89' lang='lat' dir='ltr'><strong>superbe</strong></span> <span class='ocrx_word' id='word_1_319' title='bbox 439 3770 662 3827; x_wconf 87' lang='lat' dir='ltr'><strong>contra</strong></span> <span class='ocrx_word' id='word_1_320' title='bbox 697 3770 760 3825; x_wconf 89' lang='lat' dir='ltr'><strong>te</strong></span> <span class='ocrx_word' id='word_1_321' title='bbox 803 3783 1146 3844; x_wconf 81' lang='lat' dir='ltr'><strong>surgerem,</strong></span> <span class='ocrx_word' id='word_1_322' title='bbox 1172 3771 1238 3825; x_wconf 85' lang='lat' dir='ltr'><strong>et</strong></span> <span class='ocrx_word' id='word_1_323' title='bbox 1274 3782 1600 3824; x_wconf 80' lang='lat' dir='ltr'><strong>currerem</strong></span> <span class='ocrx_word' id='word_1_324' title='bbox 1638 3762 1943 3825; x_wconf 68' lang='lat' dir='ltr'><strong>adversus</strong></span> <span class='ocrx_word' id='word_1_325' title='bbox 1983 3761 2339 3823; x_wconf 76' lang='lat' dir='ltr'><strong>Dominum·</strong></span> <span class='ocrx_word' id='word_1_326' title='bbox 2355 3772 2453 3823; x_wconf 84' lang='lat' dir='ltr'><strong>Job</strong></span> <span class='ocrx_word' id='word_1_327' title='bbox 2482 3775 2558 3831; x_wconf 77' lang='lat'><strong>15,</strong></span> 
     </span>
     <span class='ocr_line' id='line_1_35' title="bbox 130 3840 2437 3944; baseline -0.002 -19"><span class='ocrx_word' id='word_1_328' title='bbox 130 3868 198 3926; x_wconf 79' lang='lat' dir='ltr'><strong>in</strong></span> <span class='ocrx_word' id='word_1_329' title='bbox 228 3866 480 3927; x_wconf 82' lang='lat' dir='ltr'><strong>cervice</strong></span> <span class='ocrx_word' id='word_1_330' title='bbox 516 3886 735 3927; x_wconf 72' lang='lat' dir='ltr'><strong>crassa</strong></span> <span class='ocrx_word' id='word_1_331' title='bbox 773 3865 944 3926; x_wconf 77' lang='lat' dir='ltr'><strong>scuti</strong></span> <span class='ocrx_word' id='word_1_332' title='bbox 981 3865 1131 3940; x_wconf 83' lang='lat' dir='ltr'><strong>mei,</strong></span> <span class='ocrx_word' id='word_1_333' title='bbox 1162 3864 1354 3926; x_wconf 84' lang='lat' dir='ltr'><strong>etiam</strong></span> <span class='ocrx_word' id='word_1_334' title='bbox 1382 3863 1507 3927; x_wconf 88' lang='lat' dir='ltr'><strong>ista</strong></span> <span class='ocrx_word' id='word_1_335' title='bbox 1532 3862 1758 3925; x_wconf 88' lang='lat' dir='ltr'><strong>infima</strong></span> <span class='ocrx_word' id='word_1_336' title='bbox 1800 3881 1996 3944; x_wconf 86' lang='lat' dir='ltr'><strong>supra</strong></span> <span class='ocrx_word' id='word_1_337' title='bbox 2029 3880 2133 3922; x_wconf 89' lang='lat' dir='ltr'><strong>me</strong></span> <span class='ocrx_word' id='word_1_338' title='bbox 2169 3858 2343 3922; x_wconf 85' lang='lat' dir='ltr'><strong>facta</strong></span> <span class='ocrx_word' id='word_1_339' title='bbox 2356 3840 2437 3887; x_wconf 75' lang='lat'><strong>²⁶·</strong></span> 
     </span>
    </p>
   </div>
   <div class='ocr_carea' id='block_1_3' title="bbox 131 3958 2341 4047">
    <p class='ocr_par' dir='ltr' id='par_1_9' title="bbox 131 3958 2341 4047">
     <span class='ocr_line' id='line_1_36' title="bbox 131 3958 2341 4047; baseline -0.003 -21"><span class='ocrx_word' id='word_1_340' title='bbox 131 3973 298 4042; x_wconf 88' lang='lat' dir='ltr'><strong>sunt,</strong></span> <span class='ocrx_word' id='word_1_341' title='bbox 329 3973 398 4028; x_wconf 92' lang='lat' dir='ltr'><strong>et</strong></span> <span class='ocrx_word' id='word_1_342' title='bbox 433 3966 831 4047; x_wconf 88' lang='lat' dir='ltr'><strong>premebant,</strong></span> <span class='ocrx_word' id='word_1_343' title='bbox 859 3973 925 4027; x_wconf 88' lang='lat' dir='ltr'><strong>et</strong></span> <span class='ocrx_word' id='word_1_344' title='bbox 962 3982 1282 4046; x_wconf 83' lang='lat' dir='ltr'><strong>nusquam</strong></span> <span class='ocrx_word' id='word_1_345' title='bbox 1325 3970 1461 4025; x_wconf 89' lang='lat' dir='ltr'><strong>erat</strong></span> <span class='ocrx_word' id='word_1_346' title='bbox 1494 3964 1934 4026; x_wconf 84' lang='lat' dir='ltr'><strong>laxamentum</strong></span> <span class='ocrx_word' id='word_1_347' title='bbox 1972 3969 2037 4023; x_wconf 91' lang='lat' dir='ltr'><strong>et</strong></span> <span class='ocrx_word' id='word_1_348' title='bbox 2069 3958 2341 4041; x_wconf 87' lang='lat' dir='ltr'><strong>respira-</strong></span> 
     </span>
    </p>
   </div>
   <div class='ocr_carea' id='block_1_4' title="bbox 128 4171 2342 4565">
    <p class='ocr_par' dir='ltr' id='par_1_10' title="bbox 128 4171 2342 4565">
     <span class='ocr_line' id='line_1_37' title="bbox 192 4171 2342 4243; baseline -0.001 -16"><span class='ocrx_word' id='word_1_349' title='bbox 192 4184 220 4223; x_wconf 69' lang='lat'><em>8</em></span> <span class='ocrx_word' id='word_1_350' title='bbox 259 4178 325 4227; x_wconf 88' lang='lat' dir='ltr'><strong>Se</strong></span> <span class='ocrx_word' id='word_1_351' title='bbox 355 4178 505 4241; x_wconf 82' lang='lat' dir='ltr'><strong>ipsam</strong></span> <span class='ocrx_word' id='word_1_352' title='bbox 538 4192 649 4242; x_wconf 79' lang='lat' dir='ltr'><strong>ergo</strong></span> <span class='ocrx_word' id='word_1_353' title='bbox 685 4178 896 4243; x_wconf 74' lang='lat' dir='ltr'><strong>cogitans</strong></span> <span class='ocrx_word' id='word_1_354' title='bbox 922 4178 1095 4237; x_wconf 75' lang='lat' dir='ltr'><strong>anima,</strong></span> <span class='ocrx_word' id='word_1_355' title='bbox 1127 4193 1199 4227; x_wconf 74' lang='lat' dir='ltr'><strong>ue·</strong></span> <span class='ocrx_word' id='word_1_356' title='bbox 1263 4184 1467 4228; x_wconf 77' lang='lat' dir='ltr'><strong>nataest.</strong></span> <span class='ocrx_word' id='word_1_357' title='bbox 1479 4182 1749 4223; x_wconf 68' lang='lat' dir='ltr'><strong>naturarum</strong></span> <span class='ocrx_word' id='word_1_358' title='bbox 1768 4172 1926 4223; x_wconf 67' lang='lat' dir='ltr'><strong>otdine</strong></span> <span class='ocrx_word' id='word_1_359' title='bbox 1941 4188 2034 4220; x_wconf 77' lang='lat' dir='ltr'><strong>non</strong></span> <span class='ocrx_word' id='word_1_360' title='bbox 2048 4171 2342 4225; x_wconf 73' lang='lat' dir='ltr'><strong>locorum-ut</strong></span> 
     </span>
     <span class='ocr_line' id='line_1_38' title="bbox 132 4236 2339 4311; baseline -0.003 -22"><span class='ocrx_word' id='word_1_361' title='bbox 132 4243 341 4291; x_wconf 84' lang='lat' dir='ltr'><strong>cundum</strong></span> <span class='ocrx_word' id='word_1_362' title='bbox 365 4252 585 4289; x_wconf 76' lang='lat' dir='ltr'><strong>naturam</strong></span> <span class='ocrx_word' id='word_1_363' title='bbox 607 4258 742 4291; x_wconf 80' lang='lat' dir='ltr'><strong>suam</strong></span> <span class='ocrx_word' id='word_1_364' title='bbox 755 4243 958 4291; x_wconf 56' lang='lat' dir='ltr'><strong>ominari</strong></span> <span class='ocrx_word' id='word_1_365' title='bbox 975 4249 1200 4308; x_wconf 74' lang='lat' dir='ltr'><strong>appetat;</strong></span> <span class='ocrx_word' id='word_1_366' title='bbox 1263 4256 1406 4305; x_wconf 72' lang='lat' dir='ltr'><strong>supra</strong></span> <span class='ocrx_word' id='word_1_367' title='bbox 1425 4240 1561 4288; x_wconf 75' lang='lat' dir='ltr'><strong>illam</strong></span> <span class='ocrx_word' id='word_1_368' title='bbox 1584 4254 1679 4287; x_wconf 83' lang='lat' dir='ltr'><strong>nou</strong></span> <span class='ocrx_word' id='word_1_369' title='bbox 1693 4238 1753 4286; x_wconf 77' lang='lat' dir='ltr'><strong>sit</strong></span> <span class='ocrx_word' id='word_1_370' title='bbox 1780 4237 1981 4310; x_wconf 39' lang='lat' dir='ltr'><strong>uisi-ille.</strong></span> <span class='ocrx_word' id='word_1_371' title='bbox 2048 4237 2203 4291; x_wconf 87' lang='lat' dir='ltr'><strong>Idem,</strong></span> <span class='ocrx_word' id='word_1_372' title='bbox 2224 4236 2339 4311; x_wconf 57' lang='lat' dir='ltr'><strong>ibidt</strong></span> 
     </span>
     <span class='ocr_line' id='line_1_39' title="bbox 130 4300 2340 4371; baseline -0.004 -16"><span class='ocrx_word' id='word_1_373' title='bbox 130 4308 214 4355; x_wconf 84' lang='lat' dir='ltr'><strong>sub</strong></span> <span class='ocrx_word' id='word_1_374' title='bbox 253 4322 316 4355; x_wconf 86' lang='lat' dir='ltr'><strong>eo</strong></span> <span class='ocrx_word' id='word_1_375' title='bbox 347 4306 534 4355; x_wconf 83' lang='lat' dir='ltr'><strong>scilicet</strong></span> <span class='ocrx_word' id='word_1_376' title='bbox 564 4306 641 4355; x_wconf 86' lang='lat' dir='ltr'><strong>cui</strong></span> <span class='ocrx_word' id='word_1_377' title='bbox 669 4308 914 4355; x_wconf 83' lang='lat' dir='ltr'><strong>subdenda</strong></span> <span class='ocrx_word' id='word_1_378' title='bbox 941 4316 1028 4361; x_wconf 82' lang='lat' dir='ltr'><strong>est,</strong></span> <span class='ocrx_word' id='word_1_379' title='bbox 1059 4320 1202 4371; x_wconf 79' lang='lat' dir='ltr'><strong>supra</strong></span> <span class='ocrx_word' id='word_1_380' title='bbox 1264 4305 1298 4353; x_wconf 93' lang='grc'><strong>1.</strong></span> <span class='ocrx_word' id='word_1_381' title='bbox 1339 4304 1436 4353; x_wconf 80' lang='lat' dir='ltr'><strong>xiv.</strong></span> <span class='ocrx_word' id='word_1_382' title='bbox 1469 4320 1512 4353; x_wconf 91' lang='lat' dir='ltr'><strong>c.</strong></span> <span class='ocrx_word' id='word_1_383' title='bbox 1559 4304 1635 4350; x_wconf 83' lang='lat'><strong>14.</strong></span> <span class='ocrx_word' id='word_1_384' title='bbox 1704 4302 1909 4366; x_wconf 82' lang='lat' dir='ltr'><strong>Exped1t</strong></span> <span class='ocrx_word' id='word_1_385' title='bbox 1950 4300 2138 4348; x_wconf 72' lang='lat' dir='ltr'><strong>inferius</strong></span> <span class='ocrx_word' id='word_1_386' title='bbox 2168 4301 2340 4365; x_wconf 66' lang='lat' dir='ltr'><strong>subjici</strong></span> 
     </span>
     <span class='ocr_line' id='line_1_40' title="bbox 128 4363 2341 4445; baseline -0.004 -27"><span class='ocrx_word' id='word_1_387' title='bbox 128 4371 375 4445; x_wconf 72' lang='lat' dir='ltr'><strong>eaquibus</strong></span> <span class='ocrx_word' id='word_1_388' title='bbox 392 4372 712 4437; x_wconf 64' lang='lat' dir='ltr'><strong>praeponenda</strong></span> <span class='ocrx_word' id='word_1_389' title='bbox 727 4379 822 4420; x_wconf 80' lang='lat' dir='ltr'><strong>est:</strong></span> <span class='ocrx_word' id='word_1_390' title='bbox 859 4372 948 4420; x_wconf 81' lang='lat' dir='ltr'><strong>sub</strong></span> <span class='ocrx_word' id='word_1_391' title='bbox 967 4370 1052 4420; x_wconf 87' lang='lat' dir='ltr'><strong>illo</strong></span> <span class='ocrx_word' id='word_1_392' title='bbox 1067 4385 1206 4435; x_wconf 81' lang='lat' dir='ltr'><strong>aquo</strong></span> <span class='ocrx_word' id='word_1_393' title='bbox 1269 4367 1512 4434; x_wconf 77' lang='lat' dir='ltr'><strong>superiori.</strong></span> <span class='ocrx_word' id='word_1_394' title='bbox 1536 4374 1656 4415; x_wconf 74' lang='lat' dir='ltr'><strong>utet</strong></span> <span class='ocrx_word' id='word_1_395' title='bbox 1688 4364 1772 4415; x_wconf 73' lang='lat' dir='ltr'><strong>ine</strong></span> <span class='ocrx_word' id='word_1_396' title='bbox 1800 4364 1883 4429; x_wconf 87' lang='lat' dir='ltr'><strong>qui</strong></span> <span class='ocrx_word' id='word_1_397' title='bbox 1920 4363 2010 4412; x_wconf 79' lang='lat' dir='ltr'><strong>sibi</strong></span> <span class='ocrx_word' id='word_1_398' title='bbox 2044 4363 2211 4428; x_wconf 85' lang='lat' dir='ltr'><strong>subjici</strong></span> <span class='ocrx_word' id='word_1_399' title='bbox 2238 4363 2341 4437; x_wconf 46' lang='lat' dir='ltr'><strong>{ult</strong></span> 
     </span>
     <span class='ocr_line' id='line_1_41' title="bbox 131 4427 2340 4501; baseline -0.005 -17"><span class='ocrx_word' id='word_1_400' title='bbox 131 4450 221 4499; x_wconf 72' lang='lat' dir='ltr'><strong>regn</strong></span> <span class='ocrx_word' id='word_1_401' title='bbox 255 4436 417 4489; x_wconf 81' lang='lat' dir='ltr'><strong>debet,</strong></span> <span class='ocrx_word' id='word_1_402' title='bbox 455 4450 511 4483; x_wconf 84' lang='lat' dir='ltr'><strong>su</strong></span> <span class='ocrx_word' id='word_1_403' title='bbox 547 4449 600 4483; x_wconf 81' lang='lat' dir='ltr'><strong>ra</strong></span> <span class='ocrx_word' id='word_1_404' title='bbox 629 4450 689 4484; x_wconf 83' lang='lat' dir='ltr'><strong>ea</strong></span> <span class='ocrx_word' id='word_1_405' title='bbox 722 4450 830 4499; x_wconf 67' lang='lat' dir='ltr'><strong>quo</strong></span> <span class='ocrx_word' id='word_1_406' title='bbox 861 4450 1018 4501; x_wconf 76' lang='lat' dir='ltr'><strong>reg-ere</strong></span> <span class='ocrx_word' id='word_1_407' title='bbox 1051 4436 1206 4483; x_wconf 76' lang='lat' dir='ltr'><strong>debet.</strong></span> <span class='ocrx_word' id='word_1_408' title='bbox 1271 4433 1397 4498; x_wconf 82' lang='lat' dir='ltr'><strong>quod</strong></span> <span class='ocrx_word' id='word_1_409' title='bbox 1417 4440 1488 4481; x_wconf 79' lang='lat' dir='ltr'><strong>est</strong></span> <span class='ocrx_word' id='word_1_410' title='bbox 1513 4430 1705 4479; x_wconf 72' lang='lat' dir='ltr'><strong>inferius</strong></span> <span class='ocrx_word' id='word_1_411' title='bbox 1724 4445 1792 4483; x_wconf 74' lang='lat' dir='ltr'><strong>ue.</strong></span> <span class='ocrx_word' id='word_1_412' title='bbox 1812 4428 2088 4478; x_wconf 76' lang='lat' dir='ltr'><strong>sub‘icistur</strong></span> <span class='ocrx_word' id='word_1_413' title='bbox 2114 4443 2172 4476; x_wconf 76' lang='lat' dir='ltr'><strong>su</strong></span> <span class='ocrx_word' id='word_1_414' title='bbox 2300 4427 2340 4474; x_wconf 86' lang='lat' dir='ltr'><strong>ri</strong></span> 
     </span>
     <span class='ocr_line' id='line_1_42' title="bbox 133 4491 2339 4565; baseline -0.003 -19"><span class='ocrx_word' id='word_1_415' title='bbox 133 4500 256 4565; x_wconf 81' lang='lat' dir='ltr'><strong>Aug.</strong></span> <span class='ocrx_word' id='word_1_416' title='bbox 276 4499 339 4547; x_wconf 89' lang='lat' dir='ltr'><strong>de</strong></span> <span class='ocrx_word' id='word_1_417' title='bbox 359 4497 496 4548; x_wconf 82' lang='lat' dir='ltr'><strong>Trin.</strong></span> <span class='ocrx_word' id='word_1_418' title='bbox 541 4532 552 4547; x_wconf 90' lang='lat'><strong>.</strong></span> <span class='ocrx_word' id='word_1_419' title='bbox 575 4516 622 4547; x_wconf 80' lang='lat' dir='ltr'><strong>x.</strong></span> <span class='ocrx_word' id='word_1_420' title='bbox 645 4514 688 4548; x_wconf 83' lang='lat' dir='ltr'><strong>c.</strong></span> <span class='ocrx_word' id='word_1_421' title='bbox 717 4502 764 4549; x_wconf 87' lang='grc'><strong>5.</strong></span> <span class='ocrx_word' id='word_1_422' title='bbox 837 4498 916 4549; x_wconf 84' lang='lat' dir='ltr'><strong>Sic</strong></span> <span class='ocrx_word' id='word_1_423' title='bbox 941 4500 1066 4548; x_wconf 73' lang='lat' dir='ltr'><strong>enim</strong></span> <span class='ocrx_word' id='word_1_424' title='bbox 1086 4498 1208 4548; x_wconf 81' lang='lat' dir='ltr'><strong>ordi·</strong></span> <span class='ocrx_word' id='word_1_425' title='bbox 1271 4510 1373 4547; x_wconf 80' lang='lat' dir='ltr'><strong>suo.</strong></span> <span class='ocrx_word' id='word_1_426' title='bbox 1406 4497 1535 4561; x_wconf 76' lang='lat' dir='ltr'><strong>Aug.</strong></span> <span class='ocrx_word' id='word_1_427' title='bbox 1554 4494 1603 4543; x_wconf 80' lang='lat' dir='ltr'><strong>in</strong></span> <span class='ocrx_word' id='word_1_428' title='bbox 1618 4496 1700 4544; x_wconf 70' lang='lat' dir='ltr'><strong>Po.</strong></span> <span class='ocrx_word' id='word_1_429' title='bbox 1725 4496 1837 4543; x_wconf 82' lang='lat'><strong>1⁴3.</strong></span> <span class='ocrx_word' id='word_1_430' title='bbox 1872 4494 1901 4541; x_wconf 64' lang='grc' dir='ltr'>ἶ</span> <span class='ocrx_word' id='word_1_431' title='bbox 1921 4492 1987 4541; x_wconf 82' lang='lat' dir='ltr'><strong>id.</strong></span> <span class='ocrx_word' id='word_1_432' title='bbox 2008 4508 2113 4558; x_wconf 73' lang='lat' dir='ltr'><strong>sup.</strong></span> <span class='ocrx_word' id='word_1_433' title='bbox 2130 4507 2159 4541; x_wconf 82' lang='lat' dir='ltr'><strong>a</strong></span> <span class='ocrx_word' id='word_1_434' title='bbox 2212 4491 2244 4541; x_wconf 89' lang='lat' dir='ltr'><strong>i.</strong></span> <span class='ocrx_word' id='word_1_435' title='bbox 2262 4492 2339 4539; x_wconf 80' lang='lat'><strong>13.</strong></span> 
     </span>
    </p>
   </div>
  </div>
 </body>
</html>
