3042 5059
621 331 747 392 262
1175 328 1241 390 S.
1287 329 1805 394 AUGUSTINI
1849 329 2265 395 EPISCOPI

619 482 1067 561 despiciamus.
1141 482 1394 554 Quibus
1421 484 1489 548 in
1510 491 1677 548 terra
1700 483 1871 548 natis
1886 483 2225 561 fructibus,
2242 483 2389 548 vide
2407 485 2568 568 quia
2588 483 2833 550 bonum

381 597 480 652 1⁸2,
502 596 585 655 58,
618 589 747 651 θείς
802 588 869 644 et
907 591 1209 663 erumpat
1251 591 1663 667 temporanea
1702 587 1823 648 lux
1862 593 2107 662 nostra,
2144 591 2210 646 et
2250 583 2331 647 de
2373 584 2501 647 ista
2538 583 2835 646 inferiori

382 661 429 710 ⁷·
457 661 506 710 Β·
618 682 800 762 fruge
839 683 1112 748 actionis
1149 683 1220 748 in
1257 685 1523 749 delicias
1561 686 2122 769 contemplationis
2150 687 2416 750 verbum
2440 684 2593 746 vitae
2634 705 2834 766 supe-

384 797 510 850 Phil.
530 800 580 856 2,
617 781 752 846 rius
815 781 1197 860 obtinentes,
1255 805 1677 867 appareamus
1744 788 1923 858 sicut,
1987 787 2347 848 luminaria
2416 788 2491 847 in
2561 785 2837 862 munda,

382 864 464 913 ¹⁶·
619 883 1016 948 cohaerentes
1035 886 1468 964 firmamento
1503 886 1847 968 Scripturae
1884 894 2035 948 tuae.
2123 886 2229 948 Ibi
2268 886 2442 948 enim
2484 887 2835 951 nobiscum

621 984 934 1068 disputaS,
977 993 1050 1048 ut
1091 987 1459 1050 dividamus
1500 987 1668 1049 inter
1706 985 2140 1067 intelligibilia
2182 993 2247 1049 et
2290 985 2645 1062 sensibilia,
2690 993 2834 1048 tan-

621 1107 818 1170 quam
853 1088 1028 1148 inter
1064 1087 1234 1149 diem
1273 1095 1340 1149 et
1377 1095 1649 1163 noctem,
1676 1088 1781 1150 vel
1822 1088 1989 1149 inter
2022 1087 2289 1164 animaS,
2320 1087 2479 1150 alias
2521 1087 2833 1166 intelligi-

618 1186 882 1262 bilibuS,
917 1186 1076 1250 alias
1127 1186 1539 1249 sensibilibus
1589 1186 1874 1264 deditas3
1928 1194 2001 1250 ut
2038 1186 2179 1270 jam
2225 1208 2359 1248 non
2408 1195 2483 1248 tu
2530 1186 2717 1250 solus
2764 1186 2834 1248 in

621 1285 841 1350 abdito
871 1284 1346 1370 dijudicationis
1372 1294 1525 1364 tuae,
1556 1287 1724 1352 sicut
1752 1295 2095 1372 antequam
2127 1286 2307 1350 fieret
2332 1286 2836 1364 firmamentum,

621 1387 875 1450 dividas
911 1389 1086 1450 inter
1118 1389 1323 1450 lucem
1362 1396 1428 1450 et
1468 1389 1783 1466 tenebras,
1812 1387 1927 1451 sed
1970 1389 2165 1452 etiam
2206 1389 2574 1470 spirituales
2616 1389 2722 1450 tui
2763 1389 2835 1452 in

621 1487 847 1550 eodem
867 1487 1262 1550 firmamento
1282 1488 1478 1570 positi
1501 1497 1695 1572 atque
1718 1489 2026 1565 distincti,
2041 1489 2446 1552 manifestata
2470 1510 2591 1571 per
2608 1491 2833 1552 orbem

624 1588 825 1670 gratia
867 1596 979 1652 tua
1020 1591 1281 1652 luceant
1323 1611 1515 1670 super
1562 1599 1829 1667 terram,
1871 1598 1937 1653 et
1986 1590 2286 1652 dividant
2326 1592 2503 1652 inter
2544 1590 2725 1652 diem
2766 1597 2831 1652 et

394 1701 536 1751 Rom.
621 1699 889 1767 noctem,
905 1697 969 1752 et
985 1691 1354 1772 siqnificent
1373 1698 1691 1771 tempora:
1722 1691 1876 1775 quia
1888 1700 2106 1754 vetera
2123 1692 2549 1767 transierunt,
2563 1687 2672 1754 et'
2690 1711 2835 1754 ecce

385 1766 548 1878 {³³ng
599 1793 799 1874 facta
827 1798 983 1854 sunt
1009 1811 1172 1852 nova
1182 1815 1206 1860 ;
1256 1798 1322 1854 et
1358 1793 1516 1873 quia
1543 1793 1816 1871 propior
1844 1798 1938 1854 est
1974 1798 2197 1854 nostra
2224 1792 2421 1869 salus,
2448 1812 2650 1874 quam
2682 1811 2833 1854 cum

384 1896 434 1951 5,
462 1894 538 1942 17.
619 1891 1046 1960 credidimus,-
1097 1897 1162 1952 et
1193 1891 1345 1972 quia
1382 1911 1515 1952 nox
1533 1892 1889 1971 praecessit,
1918 1891 2055 1953 dies
2092 1898 2313 1954 autem
2342 1893 2833 1974 appropinqua-

389 2011 605 2069 Ps.64,2.
619 1993 715 2054 vit
723 2017 746 2061 ;
792 1998 858 2054 et
885 1991 1040 2074 quia
1065 1989 1384 2054 benedicis
1410 2012 1709 2054 coronam
1738 1993 1901 2054 anni
1930 1991 2046 2071 tui,
2074 1993 2338 2054 mittens
2364 1989 2833 2073 beniynzjtatis*

382 2085 511 2134 Mat.
533 2085 584 2140 9,
619 2095 943 2173 operarios
968 2095 1041 2154 in
1061 2113 1321 2156 messem
1343 2103 1542 2170 tuam,
1560 2095 1629 2155 in
1651 2116 1781 2177 qua
1808 2095 2180 2158 seminanda
2204 2097 2329 2157 aliz·
2353 2095 2836 2171 laboraverunt,

365 2151 499 2272 ,ᾔῇ
523 2225 574 2281 4,
620 2196 885 2256 mittens
911 2193 1104 2256 etiam
1132 2193 1203 2253 in
1231 2193 1422 2256 aliam
1454 2202 1823 2274 sementem,
1842 2194 2027 2278 cujus
2047 2197 2265 2258 messis
2290 2197 2528 2275 influe
2553 2203 2672 2258 est.
2732 2196 2837 2258 Ita

381 2289 463 2337 88.
625 2293 740 2356 das
761 2301 910 2356 vota
928 2293 1177 2375 optanti
1188 2291 1240 2370 ⁴⁵,
1258 2299 1322 2355 et
1341 2294 1671 2358 benedicis
1694 2317 1897 2359 annos
1916 2296 2109 2380 justi3
2140 2305 2214 2360 tu
2242 2305 2461 2360 autem
2491 2297 2669 2358 idem
2696 2299 2838 2375 ipse

383 2363 512 2476 {¹9⁸⁶
531 2362 606 2420 13,
622 2416 708 2473 es,
737 2402 802 2458 et
827 2394 896 2456 in
924 2396 1118 2456 annis
1147 2396 1278 2456 tuis
1306 2395 1418 2478 qui
1445 2416 1573 2457 non
1601 2383 1938 2476 deficiunt,
1965 2397 2259 2459 horreum
2288 2418 2621 2480 praeparas
2651 2397 2836 2459 annis

385 2461 474 2552 Ρι..
495 2504 605 2560 101,
623 2496 1114 2558 transeuntibus.
1201 2496 1465 2557 AEterno
1501 2496 1745 2579 quippe
1784 2497 2076 2574 consiliO,
2105 2499 2381 2580 propriis
2424 2496 2829 2580 temporibus

387 2569 472 2616 ²⁸·
624 2599 798 2660 bona
827 2594 1114 2659 coelestia
1143 2593 1258 2658 das
1287 2615 1476 2677 super
1503 2603 1751 2658 terram.

390 2719 415 2764 1
445 2716 560 2765 Cor.
712 2703 813 2760 23.
847 2697 1168 2768 Quoniam
1197 2697 1457 2780 quidem
1479 2699 1603 2760 aliz·
1633 2697 1836 2760 datm·
1850 2719 1979 2778 per
2000 2700 2324 2778 Spiritum
2345 2720 2555 2762 sermo
2572 2702 2832 2779 sapien-

389 2782 568 2898 ³211.
628 2801 734 2861 tice
744 2808 789 2874 ¹¹,
805 2805 1111 2881 tanquam
1134 2800 1460 2861 luminare
1479 2798 1716 2880 majus,
1732 2807 1995 2881 propter
2017 2821 2127 2863 eos
2152 2800 2267 2883 qui
2285 2801 2653 2883 perspicuas
2673 2802 2833 2864 veri-

626 2897 774 2962 tatis
805 2897 952 2960 luce
990 2896 1403 2974 delectantur,
1433 2907 1737 2980 tanquam
1772 2899 1843 2960 in
1880 2900 2199 2982 principio
2237 2900 2403 2977 diei3
2454 2902 2583 2964 alii
2611 2910 2830 2964 autem

625 3019 830 3062 sermo
843 3000 1125 3061 scientioe
1139 2999 1490 3062 secundum
1505 2998 1801 3061 eumdem
1824 3001 2147 3079 Spiritum
2152 3008 2489 3084 ,tanquam
2507 3003 2833 3065 luminare

627 3102 878 3169 minum
913 3099 1246 3180 aliifides,
1261 3101 1385 3162 alii
1405 3099 1669 3162 donatio
1690 3102 2124 3179 curationum,
2141 3103 2264 3164 aliz·
2284 3105 2691 3182 operationes
2708 3105 2831 3165 vir·

693 3277 719 3317 ε
756 3272 917 3320 Distat
959 3279 1117 3319 tamen
1161 3270 1223 3319 ab
1265 3278 1539 3319 aeternorum
1584 3285 1696 3318 con-

631 3335 934 3400 templatione
951 3335 1074 3384 actio
1095 3349 1190 3398 qua
1225 3335 1342 3384 bene
1375 3335 1547 3382 utimur
1578 3342 1694 3382 tem-

631 3400 870 3464 poralibus
906 3400 1060 3457 rebus,
1097 3408 1147 3448 et
1179 3398 1264 3446 illa
1299 3399 1557 3462 sapientias,
1592 3398 1697 3446 haec

632 3463 834 3511 scientioe
873 3464 1136 3526 deputatur.
1208 3463 1435 3520 Quamvis
1476 3463 1602 3510 enim
1648 3470 1697 3510 et

632 3526 714 3574 illa
735 3542 840 3589 quae
862 3527 1089 3590 sapientia
1111 3534 1194 3580 est,
1209 3526 1350 3589 possit
1367 3527 1557 3574 scientia
1574 3542 1695 3574 nun·

632 3590 812 3654 cupali,
844 3589 965 3637 sicut
996 3599 1046 3636 et
1078 3589 1334 3653 Apostolus
1365 3590 1588 3653 loquitur,
1615 3590 1697 3638 ubi

635 3653 762 3707 dicit,
783 3662 816 3683 ⁸⁸
841 3653 983 3700 Nunc
1010 3652 1106 3700 scio
1140 3667 1198 3700 ex
1229 3663 1376 3715 parte,
1399 3661 1512 3701 tunc
1548 3661 1704 3702 autem

633 3731 910 3780 cognoscam
929 3717 1048 3763 sicut
1068 3724 1116 3764 et
1137 3716 1351 3777 cognitus
1370 3732 1470 3762 sum
1489 3717 1540 3772 ;”
1560 3732 1705 3780 quam

635 3780 874 3828 scientiam
917 3780 1123 3844 profecto
1167 3779 1572 3843 contemplationis
1611 3781 1707 3828 Dei

636 3845 738 3894 vult
771 3844 982 3908 intelligi.
1005 3844 1132 3908 quod
1161 3852 1429 3894 sanctorum
1461 3845 1549 3894 erit
1578 3861 1699 3909 pras-

634 3908 779 3958 mium
802 3924 1064 3958 summum:
1097 3915 1256 3956 tamen
1289 3908 1370 3955 ubi
1391 3907 1518 3966 dicit,
1543 3919 1575 3939 ‘⁶
1605 3908 1701 3957 Alii

634 3974 821 4036 quidem
857 3974 995 4022 datur
1027 3988 1109 4036 per
1137 3971 1360 4036 Spiritum
1393 3988 1545 4022 sermo
1574 3973 1699 4036 sapi-

632 4037 788 4093 entiae,
846 4037 927 4085 alii
977 4053 1126 4085 sermo
1179 4035 1383 4084 scientiae
1436 4038 1697 4086 secundum

633 4103 831 4150 eundem
859 4101 1084 4166 Spiritum
1101 4101 1148 4160 ;’'
1182 4101 1284 4148 haec
1307 4102 1466 4163 utique
1485 4101 1578 4148 duo
1599 4101 1699 4148 sine

634 4157 924 4214 dubitatione
942 4165 1200 4228 distinguit.
1216 4165 1327 4214 licet
1351 4181 1442 4212 non
1463 4164 1531 4212 ibi
1550 4165 1699 4228 expli-

636 4237 710 4278 cet
733 4231 845 4292 quid
871 4229 1065 4285 intersit,
1080 4238 1126 4278 et
1140 4229 1268 4278 unde
1286 4228 1430 4293 possit
1453 4237 1704 4291 utrumque

633 4292 860 4356 dignosci.
929 4294 1108 4342 Verum
1143 4293 1472 4358 scripturarum
1515 4302 1702 4341 sancta-

633 4372 734 4405 rum
757 4356 1064 4421 multiplicem
1098 4357 1280 4421 copiam
1307 4365 1555 4413 scrutatus,
1576 4357 1706 4406 inve-

633 4419 711 4472 nio
747 4421 967 4488 scriptum
1007 4436 1107 4470 esse
1150 4421 1200 4473 in
1238 4421 1356 4472 libro
1393 4422 1506 4480 Job,
1540 4423 1703 4474 eodem

1760 3275 1923 3317 sancto
1952 3270 2050 3319 viro
2088 3271 2325 3334 loquente,
2360 3277 2392 3300 ‘⁶
2413 3273 2543 3321 Ecce
2574 3271 2728 3338 pietas
2762 3279 2831 3321 est

1760 3333 2007 3394 sapientia,
2051 3335 2280 3384 abstinere
2322 3343 2479 3384 autem
2524 3352 2555 3384 a
2588 3336 2726 3385 malis
2760 3347 2829 3384 est

1762 3397 2004 3446 scientia.”
2068 3399 2129 3446 In
2158 3400 2250 3448 hac
2280 3399 2543 3448 differentia
2563 3400 2828 3464 intelligen-

1757 3463 1871 3510 dum
1890 3471 1977 3517 est,
1992 3461 2053 3510 ad
2069 3463 2509 3526 contemplationem
2528 3465 2820 3530 sapientiam,

1758 3527 1821 3573 ad
1842 3525 2074 3574 actionem
2098 3527 2337 3575 scientiam
2362 3528 2617 3592 pertinere.
2672 3528 2825 3577 Pieta-

1760 3599 1855 3638 tem
1877 3590 2049 3654 quippe
2070 3590 2161 3639 hnc
2191 3591 2299 3640 loco
2329 3592 2483 3653 posuit
2502 3592 2603 3640 Dei
2636 3593 2829 3650 cultum,

1769 3669 1877 3718 quae
1900 3655 2067 3704 Graece
2088 3654 2255 3704 dicitur
2279 3655 2535 3713 Θεκέβυα.
2591 3656 2724 3704 Nam
2742 3657 2827 3705 hoc

1771 3719 1965 3766 verbum
1987 3718 2133 3767 habet
2152 3719 2241 3767 ista
2259 3722 2490 3768 sententia
2514 3720 2565 3768 in
2596 3721 2828 3768 codicibus

1772 3782 1965 3830 Graecis.
1996 3829 2001 3833 ,
2032 3783 2095 3830 Et
2126 3783 2241 3844 quid
2274 3793 2344 3832 est
2376 3782 2429 3832 in
2460 3785 2649 3832 aeternis
2681 3785 2826 3832 excel·

1762 3845 1935 3894 lentius
1955 3860 2097 3909 quam
2124 3847 2273 3902 Deus,
2294 3847 2431 3912 cujus
2444 3848 2591 3897 solius
2612 3847 2825 3896 immuta·

1761 3909 1870 3958 bilis
1906 3919 1978 3958 est
2015 3915 2214 3960 natur-at
2284 3913 2348 3959 Et
2382 3911 2489 3973 ‘quis
2526 3913 2687 3960 cultus
2714 3911 2829 3975 ejus.

1764 3973 1851 4022 nisi
1894 3989 2025 4024 amor
2056 3974 2177 4037 ejus,
2210 3991 2305 4039 quo
2346 3991 2475 4024 nunc
2518 3976 2829 4024 desideramus

1761 4053 1869 4086 eum
1886 4037 2061 4095 videre,
2076 4039 2399 4102 credimusque
2416 4048 2465 4088 et
2484 4055 2729 4104 speramus
2748 4055 2831 4088 nos

1761 4117 1865 4150 esse
1884 4102 2093 4161 visuros;
2124 4111 2172 4151 et
2193 4113 2419 4166 quantum
2442 4103 2717 4168 proficimus
2734 4110 2748 4132 ⁸
2763 4105 2829 4152 vi·

1762 4166 1926 4213 demus
1948 4181 2073 4213 nunc
2103 4181 2185 4230 per
2214 4168 2458 4231 speculum
2490 4167 2539 4214 in
2568 4168 2825 4231 enigmate,

1769 4237 1881 4278 tunc
1904 4237 2063 4278 autem
2084 4231 2133 4277 in
2152 4230 2523 4280 manifestatione
2539 4230 2579 4278 ‘t'
2626 4232 2753 4296 Aug.
2772 4233 2826 4280 de

1768 4293 1899 4344 Trin.
1941 4294 1975 4341 1.
2011 4293 2098 4342 xii.
2127 4295 2171 4356 §.
2200 4296 2281 4343 22.
2312 4294 2425 4344 add.
2459 4297 2501 4357 §.
2532 4297 2621 4344 25.
2669 4297 2702 4344 l.
2731 4295 2827 4344 xiii.

1769 4359 1811 4419 §.
1842 4360 1883 4406 1.
1916 4358 1975 4407 de
1995 4357 2094 4407 div.
2116 4366 2284 4422 quast.
2304 4360 2367 4408 ad
2388 4359 2599 4428 Simplic.
2618 4360 2651 4408 l.
2666 4360 2717 4410 ii.
2730 4362 2771 4426 §.
2782 4362 2827 4408 3.

1766 4421 1883 4472 etin
1904 4423 1986 4474 Ps.
2016 4423 2123 4471 135.
2152 4423 2197 4485 §.
2218 4423 2269 4472 8.
