3042 5059
702 438 1426 505 CONFESSIONUM
1467 443 1757 507 LIBER
1800 444 1953 505 VII.
2306 449 2424 508 10⁷

212 593 354 656 ulla
381 592 596 657 anima
621 614 906 677 imquam
931 595 1166 679 potuit,
1191 595 1500 680 poteritve
1530 596 1811 676 cogitare
1840 596 2089 681 aliquid
2130 597 2307 682 quod
2342 598 2431 663 sit

211 702 284 757 te
311 695 564 773 melius,
594 695 708 779 qui
741 717 1060 759 summum
1101 706 1166 760 et
1201 697 1512 781 optimum
1544 697 1791 761 bonum
1824 718 1912 759 es·
2001 698 2169 762 Cum
2210 708 2425 764 autem

209 796 546 859 verissime
591 805 786 879 atque
827 798 1180 861 certissime
1211 797 1694 882 incorruptibile
1738 797 2137 881 corruptibili
2172 820 2423 882 praepo-

209 904 427 976 natur,
457 898 626 961 sicut
661 917 784 980 ego
813 897 952 983 jam
988 901 1477 982 praeponebam3
1536 905 1827 981 poteram
1856 896 1995 981 jam
2033 898 2423 978 cogitatione

208 997 468 1081 aliquid
507 998 820 1079 attingere
861 998 1037 1082 quod
1077 1007 1250 1063 esset
1287 999 1516 1063 melius
1557 999 1703 1062 Deo
1750 1020 1915 1076 me0,
1955 998 2083 1061 nisi
2128 1006 2203 1063 tu
2247 1020 2423 1063 esses

205 1098 740 1181 incorruptibilis.
815 1100 950 1163 Ubi
977 1099 1174 1181 igitur
1198 1098 1496 1163 videbam
1522 1096 2005 1183 incorruptibile
2022 1100 2423 1183 corruptibili

207 1220 360 1263 esse
426 1198 912 1284 praeferendum,
979 1201 1075 1263 ibi
1137 1208 1207 1264 -te
1266 1221 1548 1285 quoerere
1613 1199 1948 1276 debebam,
2008 1208 2201 1284 atque
2268 1200 2420 1265 inde

207 1301 540 1365 advertere
569 1303 684 1365 ubi
697 1300 726 1331 '¹
757 1303 842 1366 sit
867 1304 1130 1383 malum,
1157 1302 1228 1367 id
1257 1312 1376 1382 est,
1403 1301 1577 1366 unde
1612 1303 1698 1366 sit
1734 1303 1881 1385 ipsa
1917 1304 2263 1385 corruptio,
2292 1325 2423 1388 qua

207 1402 440 1465 violari
469 1404 830 1467 substantia
852 1411 968 1467 tua
991 1406 1172 1467 nullo
1197 1402 1391 1467 modo
1417 1411 1649 1487 potest.
1739 1405 1937 1467 Nullo
1964 1404 2134 1467 enim
2164 1424 2423 1487 prorsus

207 1502 408 1565 modo
435 1504 636 1568 violat
661 1505 984 1587 corruptio
1013 1505 1227 1568 Deum
1263 1513 1584 1581 nostrum3
1644 1505 1825 1567 nulla
1865 1505 2213 1583 voluntate,
2242 1506 2423 1569 nulla

207 1605 623 1683 necessitate,
649 1606 830 1667 nullo
858 1605 1208 1687 improviso
1236 1626 1425 1681 casu3
1469 1605 1775 1689 quoniam
1810 1604 1951 1687 ipse
1988 1612 2089 1667 est
2126 1605 2330 1681 Deus,
2358 1613 2425 1669 et

211 1706 394 1789 quod
421 1706 550 1769 sibi
575 1708 712 1770 vult
737 1709 980 1771 bonum
1008 1715 1126 1787 est,
1155 1716 1222 1771 et
1245 1707 1389 1791 ipse
1433 1716 1533 1771 est
1574 1707 1745 1771 idem
1780 1708 2051 1771 bonum:
2099 1708 2419 1791 corrumpi

211 1814 430 1870 autem
463 1827 598 1870 non
627 1815 727 1871 est
751 1810 1012 1871 bonum.
1103 1810 1246 1872 Nec
1287 1809 1537 1889 cogeris
1570 1808 1811 1871 invitus
1846 1807 1930 1871 ad
1971 1807 2239 1891 aliquid,
2268 1809 2423 1891 quia

209 1909 512 1972 voluntas
539 1917 654 1972 tua
677 1930 812 1972 non
837 1918 939 1973 est
963 1909 1167 1994 major
1195 1930 1390 1994 quam
1423 1908 1719 2007 potentia
1754 1918 1882 1972 tua.
1970 1910 2171 1973 Esset
2208 1918 2422 1972 autem

209 2009 439 2093 major,
493 2010 549 2073 si
605 2018 670 2074 te
723 2011 870 2093 ipso
913 2020 987 2075 tu
1029 2012 1172 2094 ipse
1230 2010 1436 2095 major
1493 2031 1699 2073 esses:
1772 2011 2071 2074 voluntas
2129 2010 2303 2073 enim
2358 2018 2423 2073 et

208 2110 506 2193 potentia
543 2111 692 2190 Dei,
732 2112 916 2175 Deus
951 2113 1094 2196 ipse
1135 2117 1249 2175 est.
1349 2112 1442 2175 Et
1483 2109 1645 2195 quid
1680 2110 2099 2194 improvisum
2141 2110 2262 2175 tibi
2308 2110 2419 2195 qui
2487 2150 2495 2158 ·

209 2214 384 2277 nosti
429 2215 667 2293 omnia,
709 2223 775 2278 et
815 2217 996 2279 nulla
1033 2225 1264 2280 natura
1303 2222 1424 2293 est,
1466 2214 1595 2278 nisi
1640 2215 1797 2300 quia
1834 2215 2009 2279 nosti
2050 2212 2230 2287 eam?
2329 2214 2423 2277 Et

210 2315 451 2399 utquid
475 2316 681 2379 multa
707 2317 1002 2394 dicimus,
1019 2338 1136 2381 cur
1159 2337 1293 2380 non
1321 2318 1406 2380 sit
1433 2318 1869 2402 corruptibilis
1896 2316 2257 2381 substantia
2272 2336 2419 2400 quae

211 2416 400 2481 Deus
429 2425 550 2496 est,
581 2417 840 2502 quando
869 2418 926 2481 si
953 2418 1080 2483 hoc
1107 2427 1297 2496 esset,
1325 2439 1459 2482 non
1487 2426 1657 2483 esset
1685 2416 1904 2481 Deus?

299 2524 361 2580 7.
407 2520 500 2582 Et
545 2521 908 2603 quaerebam
951 2519 1124 2583 unde
1164 2521 1426 2597 malum,
1467 2527 1534 2582 et
1569 2521 1737 2583 male
1780 2521 2175 2603 quaerebam5
2238 2526 2305 2581 et
2346 2519 2419 2581 in

2514 2528 2581 2576 V.

2435 2592 2620 2649 Qum-it

207 2620 360 2703 ipsa
384 2620 804 2704 inquisitione
831 2642 976 2685 mea
999 2642 1133 2684 non
1159 2619 1459 2684 videbam
1485 2621 1743 2684 malum.
1832 2622 1926 2684 Et
1952 2620 2418 2683 constituebam
2433 2657 2602 2704 iterum

210 2722 281 2784 in
323 2731 680 2807 conspectu
719 2724 978 2807 spiritus
1015 2725 1142 2787 mei
1181 2724 1544 2787 universam
1586 2732 1959 2800 creaturam,
1990 2721 2309 2807 quidquid
2346 2722 2417 2783 in
2435 2720 2561 2769 uude

209 2843 294 2886 ea
339 2844 596 2887 cernere
644 2846 1016 2907 possumus3
1083 2825 1276 2889 sicuti
1321 2832 1422 2889 est
1465 2832 1651 2903 terra,
1696 2833 1764 2889 et
1818 2846 2013 2902 mare,
2066 2832 2132 2887 et
2179 2844 2307 2901 aer,
2354 2830 2419 2886 et
2431 2784 2632 2925 2¹:⁸1}ssss

211 2923 448 3002 sidera,
483 2932 551 2987 et
593 2927 870 3003 arbores,
915 2934 980 2989 et
1021 2924 1189 2991 alia*
1231 2926 1555 3002 mortalia3
1606 2933 1673 2988 et
1708 2924 2025 3009 quidquid
2062 2925 2133 2987 in
2172 2946 2251 2987 ea
2286 2942 2418 2987 non
2432 2914 2567 2989 ‘2⁶¹¹

210 3028 531 3105 videmus,
560 3029 728 3093 sicut
763 3028 1232 3093 firmamentum
1269 3030 1442 3106 coeli,
1470 3030 1734 3114 insuper
1769 3037 1835 3092 et
1874 3047 2099 3091 omnes
2132 3028 2419 3108 Angelos

211 3137 282 3192 et
309 3137 548 3193 cuncta
563 3129 922 3212 spiritualia
939 3130 1106 3216 ejus3
1153 3130 1269 3195 sed
1289 3131 1483 3195 etiam
1503 3132 1670 3214 ipsa,
1690 3130 1876 3213 quasi
1898 3148 2169 3211 corpora.
2186 3137 2420 3207 essent,

211 3229 382 3293 locis
411 3238 478 3293 et
502 3230 665 3294 locis
695 3230 1013 3295 ordinavit
1039 3232 1415 3314 imaginatio
1445 3252 1617 3295 mea:
1664 3237 1730 3293 et
1753 3230 1880 3293 feci
1917 3250 2111 3293 unam
2142 3250 2420 3293 massam

212 3331 525 3413 grandem
571 3331 940 3396 distinctam
985 3333 1326 3414 generibus
1373 3352 1709 3415 corporum
1768 3338 2119 3394 creaturam
2167 3332 2419 3406 tuam'3

212 3433 352 3496 sive
383 3455 530 3517 quae
572 3454 642 3497 re
668 3454 820 3498 vera.
856 3453 1124 3517 corpora
1160 3441 1360 3511 erant,
1391 3433 1525 3496 sive
1567 3454 1713 3516 quae
1754 3431 1897 3515 ipse
1934 3452 2052 3513 pro
2090 3430 2423 3514 spiritibus

211 3535 562 3599 finxeram:
610 3543 676 3597 et
698 3556 842 3599 eam
869 3535 993 3599 feci
1023 3534 1349 3617 grandem,
1377 3553 1512 3597 non
1540 3540 1851 3617 quantum
1880 3541 2035 3611 erat,
2057 3531 2233 3616 quod
2260 3533 2423 3596 scire

210 3656 349 3700 non
412 3643 733 3719 poteram3
821 3635 936 3699 sed
1009 3644 1320 3719 quantum
1389 3634 1603 3710 libuit,
1659 3633 2203 3718 undiqueversum
2270 3654 2423 3697 sane

211 3736 488 3800 finitam.
591 3738 688 3803 Te
738 3744 971 3814 autem,
1011 3738 1312 3815 Domine,
1355 3758 1442 3799 ex
1488 3735 1665 3798 omni
1702 3744 1883 3818 parte
1928 3734 2313 3797 ambientem
2360 3741 2425 3796 et

212 3844 660 3921 penetrantem
705 3859 869 3917 eam,
915 3837 1030 3901 sed
1078 3858 1545 3922 usquequaque
1592 3836 1945 3899 infinitum:
2016 3842 2323 3917 tanquam
2368 3833 2423 3896 si

213 3960 392 4002 mare
420 3945 594 4001 esset
619 3939 884 4024 ubique,
913 3948 978 4003 et
1011 3937 1300 4023 undique
1341 3959 1458 4023 per
1495 3938 1809 4000 immensa
1848 3935 2174 3998 infinitum
2218 3934 2423 3996 solum

213 4060 414 4120 mare,
455 4047 522 4102 et
554 4040 823 4103 haberet
857 4041 1025 4103 intra
1063 4060 1134 4103 se
1177 4038 1514 4123 spongiam
1554 4037 1909 4121 quamlibet
1944 4055 2266 4116 magnam,
2308 4032 2424 4095 sed

211 4140 467 4204 finitam
499 4149 746 4217 tamen3
803 4144 999 4225 plena
1035 4148 1206 4204 esset
1237 4140 1463 4224 utique
1503 4138 1777 4222 spongia
1812 4138 1928 4201 illa
1966 4158 2051 4199 ex
2092 4134 2267 4198 omni
2306 4154 2425 4197 sua

211 4250 398 4325 parte
426 4263 512 4305 ex
539 4241 852 4305 immenso
879 4242 1066 4306 mari:
1113 4243 1208 4305 sic
1229 4250 1581 4304 creaturam
1608 4248 1785 4302 tuam
1800 4237 2068 4313 finitam,
2085 4244 2148 4299 te
2166 4234 2421 4297 infinito

210 4344 476 4426 plenam
503 4344 834 4426 putabam,
851 4351 916 4406 et
935 4342 1258 4406 dicebam:
1307 4343 1484 4405 Ecce
1514 4342 1717 4417 DeuS,
1736 4346 1803 4403 et
1830 4359 1980 4403 ecce
2010 4358 2157 4420 quae
2186 4336 2425 4399 creavit

213 4444 422 4519 Deua,
463 4452 530 4505 ct
571 4443 782 4506 bonus
828 4443 1032 4521 Deus,
1081 4448 1276 4526 atque
1324 4442 1430 4505 his
1479 4442 1875 4505 validissime
1924 4436 2425 4520 longissimeque

211 4544 654 4626 praestantior;
699 4542 814 4607 sed
839 4551 1056 4607 tamen
1083 4545 1293 4606 bonus
1321 4544 1494 4605 bona
1521 4543 1781 4619 creavit,
1811 4550 1877 4605 et
1918 4560 2071 4603 ecce
2103 4536 2426 4622 quomodo

2434 2994 2552 3043 ejus.
