3042 5059
645 477 650 482 -
671 437 800 496 246
1231 431 1298 496 S.
1346 428 1861 494 AUGUSTINI
1910 428 2327 494 EPISCOPI

675 587 894 654 audiet
917 585 1182 664 invitus,
1209 585 1249 618 “
1273 582 1617 660 Quomodo
1646 583 1809 646 illud
1837 584 2069 668 primo,
2098 584 2153 648 si
2182 591 2409 666 postea
2434 581 2601 646 nihil
2616 581 2683 645 ?”
2736 579 2917 644 Cum

676 710 828 752 vero
871 687 1033 752 dicit
1065 686 1274 771 primo
1317 685 1675 762 informem,
1706 683 1943 748 deinde
1986 684 2339 762 formatam,
2366 704 2501 746 non
2536 691 2641 746 est
2676 682 2917 744 absur-

675 791 840 870 dus;
891 791 948 856 si
981 788 1176 856 modo
1216 796 1314 852 est
1347 786 1623 850 idoneus
1666 785 2046 863 discernere,
2076 783 2238 870 quid
2272 783 2600 868 praecedat
2644 781 2917 845 aetemi-

677 903 828 974 tate,
859 893 1018 978 quid
1045 903 1353 975 tempore,
1384 889 1543 974 quid
1572 889 1909 966 electione,
1940 889 2099 972 quid
2139 887 2405 968 origine.
2492 885 2917 961 AEternitate,

677 997 848 1062 sicut
889 998 1072 1059 Deus
1113 994 1373 1070 omnia3
1446 1002 1754 1076 tempore,
1799 993 1968 1056 sicut
2009 993 2131 1054 flos
2174 991 2493 1065 fructum3
2558 988 2917 1062 electione,

677 1101 847 1164 sicut
887 1099 1130 1164 finctus
1182 1099 1442 1174 fiorem3
1507 1096 1777 1177 origine,
1826 1096 1997 1160 sicut
2042 1115 2239 1158 sonus
2288 1104 2570 1156 cantum.
2659 1092 2751 1154 In
2802 1091 2917 1152 his

680 1209 952 1285 quatuor
987 1200 1262 1282 primum
1309 1207 1375 1261 et
1411 1199 1707 1261 ultimum
1762 1219 1907 1280 quae
1954 1194 2467 1268 commemoravi,
2516 1192 2915 1256 difficillime

675 1303 1153 1383 intelliguntur3
1199 1299 1330 1362 duo
1359 1299 1573 1362 media
1600 1298 1919 1361 facillime.
2013 1299 2313 1382 Namque
2340 1317 2483 1362 rara
2508 1295 2677 1356 visio
2710 1302 2817 1356 est
2846 1303 2917 1355 et

677 1403 872 1469 nimis
899 1401 1098 1466 ardua
1125 1402 1520 1484 conspicere,
1553 1399 1855 1476 Domine,
1886 1399 2301 1464 aeternitatem
2329 1409 2507 1463 tuam
2535 1397 2912 1460 incommu-

679 1505 958 1570 tabiliter
1014 1501 1352 1566 mutabilia
1409 1502 1770 1574 facientem,
1830 1520 1905 1562 ac
1964 1521 2080 1582 per
2134 1500 2262 1564 hoc
2322 1499 2619 1582 priorem.
2740 1495 2917 1569 Quis

681 1605 914 1670 deinde
967 1605 1058 1668 sic
1113 1611 1374 1668 acutum
1396 1599 1424 1627 ³
1487 1611 1704 1664 cernat
1760 1600 1997 1678 anime,
2054 1609 2127 1664 ut
2186 1601 2327 1664 sine
2381 1603 2603 1664 labore
2660 1620 2917 1678 magno

680 1707 1054 1789 dignoscere
1083 1705 1312 1782 valeat,
1343 1699 1665 1786 quomodo
1697 1702 1781 1764 sit
1807 1701 1983 1784 prior
2010 1722 2205 1764 sonus
2236 1723 2429 1786 quam
2469 1709 2731 1779 centua,
2758 1699 2917 1762 ideo

683 1809 837 1892 quia
879 1815 1106 1870 cantus
1149 1814 1247 1868 est
1287 1804 1593 1866 formatus
1637 1824 1855 1880 sonus,
1900 1813 1965 1866 et
2008 1825 2148 1868 esse
2192 1805 2421 1888 utique
2469 1801 2729 1888 aliquid
2776 1823 2917 1864 non

678 1910 1016 1972 formatum
1059 1913 1294 1990 potest,
1338 1904 1595 1968 formari
1640 1914 1853 1968 autem
1898 1905 2075 1989 quod
2116 1927 2247 1969 non
2294 1915 2412 1982 est,
2454 1927 2591 1968 non
2639 1903 2912 1988 potest?

682 2006 791 2072 Sic
823 2014 923 2068 est
948 2006 1124 2089 prior
1151 2003 1467 2079 materieS,
1491 1993 1685 2086 quam
1714 2001 1785 2063 id
1814 2001 1991 2086 quod
2008 2025 2091 2067 ex
2124 2025 2203 2069 ea
2223 2003 2356 2067 fit¹:
2400 2025 2533 2066 non
2554 2002 2709 2066 ideo
2732 2002 2921 2085 prior
3015 2077 3016 2082 ἵ

681 2109 838 2192 quia
878 2107 1025 2190 ipsa
1068 2105 1288 2182 efficit,
1319 2127 1468 2169 cum
1513 2104 1731 2186 potius
1772 2104 1924 2181 fiat3
1988 2126 2108 2168 nec
2146 2107 2322 2188 prior
2355 2105 2697 2168 intervallo
2745 2113 2917 2168 tem·

678 2208 874 2292 poris.
965 2208 1199 2289 Neque
1245 2206 1416 2268 enim
1463 2204 1674 2287 priore
1718 2213 2003 2289 tempore
2056 2227 2249 2270 sonos
2300 2206 2552 2270 edimus
2596 2205 2923 2268 informes

681 2309 820 2372 aine
855 2316 1070 2384 cantu,
1109 2316 1174 2370 et
1216 2327 1326 2368 eos
1369 2307 1721 2388 posteriore
1764 2315 2048 2390 tempore
2090 2308 2161 2370 in
2204 2308 2468 2372 formam
2508 2308 2757 2372 cantici
2802 2329 2919 2372 co-

681 2419 977 2495 aptamus
1007 2419 1118 2473 aut
1145 2408 1487 2488 fingimus3
1550 2409 1720 2471 sicut
1754 2408 1933 2489 ligna
1968 2411 2205 2493 quibus
2234 2431 2404 2487 arca,
2436 2411 2539 2474 vel
2566 2420 2917 2492 argentum

681 2534 810 2599 quo
861 2514 1190 2578 vasculum
1242 2512 1603 2576 fabricatur.
1715 2513 1911 2578 Tales
1959 2514 2199 2597 quippe
2256 2512 2561 2590 materiae,
2614 2523 2917 2597 tempore

680 2617 874 2681 etiam
901 2613 1275 2699 praecedunt
1304 2614 1535 2676 formas
1572 2635 1781 2676 rerum
1822 2637 1967 2698 quae
2009 2614 2177 2678 fiunt
2208 2636 2293 2678 ex
2329 2616 2463 2678 eis:
2512 2623 2579 2678 at
2606 2615 2677 2676 in
2710 2626 2918 2678 cantu

678 2739 812 2782 non
854 2716 948 2778 ita
990 2724 1106 2780 est.
1196 2714 1365 2779 Cum
1411 2714 1583 2778 enim
1630 2722 1943 2793 cantatur,
1986 2715 2244 2780 auditur
2286 2738 2482 2780 sonus
2528 2715 2709 2800 ejus3
2774 2738 2921 2780 non

678 2817 860 2901 prius
886 2815 1236 2879 informiter
1279 2823 1484 2893 sonat,
1515 2827 1581 2878 et
1613 2814 1846 2882 deinde
1887 2817 2193 2882 formatur
2226 2819 2297 2881 in
2336 2827 2619 2882 cantu-m.
2710 2817 2917 2890 Quod

678 2917 852 2984 enim
879 2916 1088 3000 primo
1116 2924 1466 3000 utcumque
1497 2917 1805 2995 sonuerit,
1824 2919 2137 3001 praeterit3
2176 2941 2297 2984 nec
2327 2941 2414 2984 ex
2442 2941 2522 2982 eo
2545 2919 2917 3004 quidquam
3012 2995 3014 2998 Α

677 3019 957 3104 reperies
1001 3018 1180 3103 quod
1219 3027 1619 3101 resumptum
1660 3027 1795 3084 arte
1841 3041 2230 3104 componas:
2278 3029 2343 3084 et
2379 3021 2528 3084 ideo
2572 3029 2810 3086 cantus
2840 3022 2917 3084 in

682 3142 842 3184 sono
873 3142 990 3184 suo
1017 3119 1322 3196 vertitur;
1385 3119 1497 3202 qui
1539 3141 1739 3182 sonus
1780 3119 1941 3205 ejm,
1983 3122 2283 3188 materies
2320 3121 2465 3206 ejus
2513 3129 2627 3186 est.
2718 3121 2917 3184 Idem
3012 3169 3014 3192 ἵ

680 3221 925 3306 quippe
968 3220 1272 3284 formatur
1318 3228 1392 3284 ut
1437 3228 1667 3284 cantus
1714 3220 1835 3298 sit3
1880 3230 1945 3286 et
1971 3222 2142 3301 ideo,
2176 3224 2343 3288 sicut
2381 3222 2698 3298 dicebam,
2730 3223 2917 3304 prior
3013 3217 3014 3306 ζ

677 3320 974 3384 materies
1025 3319 1298 3385 sonandi
1359 3342 1556 3402 q-uam
1612 3322 1815 3384 forma
1862 3322 2200 3388 cantandi:
2276 3344 2407 3384 non
2460 3343 2577 3406 per
2618 3321 2915 3386 faciendi
3013 3319 3014 3395 ἦ

678 3422 1034 3506 potentiam
1066 3418 1282 3506 prior*
1306 3445 1324 3498 3
1369 3443 1581 3506 neque
1612 3423 1786 3490 enim
1814 3446 2011 3490 sonus
2040 3435 2139 3490 est
2168 3423 2473 3491 cantandi
2502 3423 2757 3496 artifex,
2792 3423 2917 3486 sed

683 3527 968 3588 cantanti
1011 3524 1242 3588 animae
1288 3523 1579 3608 subjacet
1622 3546 1706 3588 ex
1752 3547 2039 3608 corpore,
2078 3527 2159 3590 de
2204 3548 2335 3610 quo
2380 3533 2643 3590 cantum
2686 3523 2909 3588 faciat.

683 3628 826 3690 Nec
857 3635 1140 3709 tempore
1169 3626 1380 3708 prior;
1426 3627 1619 3690 simul
1649 3626 1819 3691 enim
1850 3648 1996 3691 cum
2026 3636 2221 3692 cantu
2251 3625 2478 3690 editur.
2554 3627 2699 3690 Nec
2728 3626 2915 3708 prior

681 3726 1030 3804 electione3
1071 3748 1206 3789 non
1235 3727 1404 3789 enim
1433 3727 1651 3809 potior
1676 3749 1873 3790 sonus
1894 3749 2088 3812 quam
2111 3737 2361 3806 cantus,
2378 3727 2913 3812 quandoquidem

683 3837 909 3892 cantus
950 3837 1050 3892 est
1087 3849 1216 3890 non
1257 3835 1506 3891 tantum
1552 3849 1771 3905 sonus,
1806 3851 2027 3894 verum
2070 3830 2266 3894 etiam
2310 3830 2647 3912 speciosus
2684 3849 2911 3892 sonus.

683 3929 812 3994 Sed
840 3929 1016 4014 prior
1044 3937 1142 3993 est
1169 3929 1415 4010 origine
1439 3952 1457 4004 3
1505 3929 1663 4011 quia
1694 3949 1823 3992 non
1859 3939 2086 3996 cantus
2129 3930 2433 3995 formatur
2461 3937 2537 3993 ut
2566 3949 2767 3992 sonus
2804 3929 2912 4008 sit,

745 4107 776 4134 ²·
809 4102 916 4150 Nec
952 4103 1190 4168 putandus
1227 4110 1298 4152 est
1336 4101 1470 4149 Deus
1509 4100 1757 4150 informem
1823 4101 1905 4152 sed
1928 4102 2066 4151 simul
2086 4118 2193 4152 eam
2223 4118 2494 4153 concreasse
2526 4102 2724 4150 mundo.
2796 4101 2911 4149 Non

681 4167 808 4241 prius
823 4166 984 4216 fecisse
998 4169 1325 4224 materiam‚et.
1337 4165 1585 4214 intervallo
1600 4166 1764 4241 aliquo
1824 4173 1981 4216 tamen
2000 4167 2227 4217 inutiliter
2258 4169 2385 4234 prins
2415 4175 2632 4216 narratur
2662 4165 2794 4215 unde
2822 4165 2911 4213 ali-
3010 4159 3012 4206 ἶ

679 4231 952 4296 interposito
973 4231 1206 4296 temporis,
1229 4231 1452 4279 formasse
1474 4231 1601 4295 quod
1636 4246 1763 4295 prius
1824 4230 1937 4294 quid
1959 4232 2028 4286 fit,
2052 4239 2101 4280 et
2122 4241 2281 4297 postea
2304 4233 2430 4298 quod
2461 4232 2571 4280 inde
2601 4231 2691 4289 fit;
2724 4229 2839 4295 quia
2860 4238 2913 4278 et
3010 4241 3012 4284 ι

682 4295 880 4344 informe
925 4294 1129 4353 feceram
1179 4296 1260 4344 sed
1303 4295 1422 4343 sicut
1463 4309 1494 4341 a
1540 4295 1761 4357 loquente
1824 4294 1864 4343 si
1885 4303 2036 4360 potest
2057 4304 2307 4362 utrumque
2329 4296 2465 4344 simul
2488 4295 2607 4352 fieri,
2631 4310 2733 4342 non
2767 4293 2905 4342 simul
3011 4301 3012 4313 ¹

683 4361 804 4410 fiunt
833 4360 978 4410 verba
1008 4359 1243 4414 sonantia.
1265 4359 1348 4408 ubi
1381 4374 1478 4407 non
1511 4359 1639 4424 prius
1668 4374 1757 4407 vox
1822 4368 1973 4424 potest
2015 4368 2265 4426 utrumque
2304 4359 2503 4408 narrari.
2570 4361 2703 4424 Aug.
2746 4366 2907 4408 contra

682 4424 890 4472 informis
906 4432 1010 4490 post
1026 4424 1209 4489 accepit
1223 4423 1438 4479 formam,
1456 4424 1539 4472 sed
1559 4422 1761 4472 formata
1822 4423 2020 4474 Advers.
2055 4425 2194 4489 Legis
2228 4433 2277 4474 et
2314 4425 2487 4490 Proph.
2514 4424 2552 4471 l.
2587 4425 2619 4472 i.
2656 4440 2703 4473 c.
2731 4424 2780 4472 9.
2842 4422 2908 4471 cf.

684 4487 942 4550 profertur:
976 4488 1043 4536 ita
1077 4488 1406 4552 intelligendus
1434 4496 1505 4536 est
1534 4489 1667 4536 Deus
1698 4489 1759 4536 de
1821 4488 1881 4536 de
1903 4488 2028 4537 Gen.
2062 4489 2126 4537 ad
2159 4489 2253 4538 Lit.
2286 4489 2321 4538 i.
2351 4490 2422 4538 14.
2463 4505 2507 4536 v.
2532 4491 2583 4537 5.
2619 4498 2669 4537 et
2698 4503 2806 4553 sup.
2840 4489 2903 4534 ad

683 4551 876 4600 materia
897 4551 1086 4615 quidem
1112 4552 1294 4602 informi
1316 4552 1476 4602 fecisse
1506 4554 1755 4608 mundum,
1822 4567 1869 4602 c.
1888 4553 1970 4600 20.
1992 4569 2041 4618 p.
2064 4554 2177 4604 238.
2202 4569 2249 4604 n.
2270 4569 2319 4602 u.
