3042 5059
417 2148 503 2195 Ps.
527 2148 610 2203 41,

421 2911 520 2959 Cur
545 2909 628 2957 fle-

415 2982 493 3023 tus
514 2974 620 3022 dul-

419 3039 488 3085 cis
509 3040 594 3086 mi-

419 3103 546 3151 seria

651 357 734 415 50
1207 353 1272 417 S.
1319 353 1835 419 AUGUSTINI
1880 354 2299 419 EPISCOPI

654 518 988 593 acceperat
1014 516 1226 573 mente
1253 517 1448 595 atque
1488 531 1680 575 sensu
1712 510 2217 589 absentissimus,
2248 510 2365 574 sed
2390 516 2602 573 tamen
2621 509 2767 593 jam
2800 532 2869 572 se

655 612 982 695 accepisse
1005 611 1332 675 didicerat.
1421 614 1508 677 At
1533 613 1643 675 ille
1670 612 1765 675 ita
1790 633 1895 675 me
1914 611 2249 675 exhorruit
2274 619 2349 675 ut
2374 610 2729 687 inimicum,
2755 611 2867 675 ad-

651 714 1027 798 monuitque
1064 714 1340 777 mirabili
1383 722 1450 777 et
1489 713 1824 797 repentina
1860 714 2173 792 libertate,
2212 722 2287 777 ut
2330 713 2386 777 si
2437 714 2685 777 amicus
2724 734 2869 777 esse

651 817 904 893 vellem,
942 816 1098 879 talia
1135 816 1261 879 sibi
1302 815 1514 879 dicere
1556 815 1927 879 desinerem.
2016 818 2165 897 Ego
2205 823 2417 880 autem
2462 816 2869 899 stupefactus

655 928 848 1003 atque
887 920 1198 998 turbatuS,
1234 917 1456 981 distuli
1495 938 1719 981 omnes
1768 926 1980 983 motus
2028 939 2227 995 meos,
2273 928 2349 983 ut
2392 919 2873 981 convalesceret

653 1019 854 1106 prim,
903 1026 1197 1102 essetque
1246 1018 1516 1081 idoneus
1566 1018 1807 1083 viribus
1864 1018 2248 1083 valetudinis
2298 1041 2445 1083 cum
2496 1040 2625 1103 quo
2677 1039 2869 1099 agere

654 1144 908 1209 possem
960 1123 1136 1208 quod
1184 1123 1433 1187 vellem.
1523 1124 1656 1187 Sed
1696 1124 1807 1186 ille·
1852 1125 2153 1207 abreptus
2194 1123 2530 1188 dementiae
2568 1144 2759 1199 meae,
2798 1129 2871 1184 ut

655 1225 831 1309 apud
867 1233 933 1288 te
975 1231 1325 1289 servaretur
1361 1224 1786 1289 consolationi
1805 1236 1811 1241 ’
1832 1246 2013 1301 meae,
2057 1232 2209 1310 post
2255 1246 2498 1309 paucos
2548 1224 2714 1302 dies,
2762 1245 2865 1287 me

655 1329 940 1404 absente,
967 1327 1271 1410 repetitur
1295 1324 1583 1390 febribus
1612 1335 1678 1390 et
1705 1326 2089 1409 defimgitur.

741 1434 803 1492 9.
849 1430 994 1501 Quo
1031 1428 1250 1491 dolore
1289 1430 1811 1491 contenebratum
1852 1436 1951 1492 est
1988 1449 2100 1493 cor
2135 1449 2388 1505 meum3
2434 1435 2500 1491 et
2541 1427 2867 1511 quidquid

655 1529 1073 1613 aspiciebam,
1105 1549 1276 1593 mors
1316 1536 1468 1592 erat.
1558 1531 1649 1592 Et
1688 1536 1823 1591 erat
1863 1530 2023 1591 mihi
2075 1530 2283 1613 patria
2334 1530 2751 1614 supplicium,
2805 1536 2868 1591 et

657 1639 924 1715 paterna
951 1631 1178 1693 domus
1206 1630 1368 1693 mira
1393 1630 1769 1707 infelicitas3
1812 1638 1880 1693 et
1908 1630 2228 1713 quidquid
2257 1653 2405 1694 cum
2433 1632 2547 1693 illo
2578 1652 2865 1693 commu-

655 1735 1037 1811 nicaveram,
1077 1734 1215 1797 sine
1254 1734 1367 1795 illo
1406 1734 1478 1796 in
1507 1734 1859 1797 cruciatum
1887 1734 2229 1797 immanem
2256 1742 2544 1798 verterat.
2635 1736 2865 1817 Expe-

654 1838 879 1899 tebant
905 1858 1051 1899 eum
1080 1834 1365 1918 undique
1383 1835 1554 1898 oculi
1574 1835 1726 1911 mei,
1754 1841 1819 1897 et
1845 1857 1976 1897 non
1990 1828 2266 1899 'dabatur
2280 1836 2443 1898 mihi
2455 1859 2473 1911 3
2518 1843 2583 1899 et
2604 1834 2865 1898 oderam

657 1938 891 2015 omnia,
922 1938 1076 2020 quia
1101 1958 1233 1998 non
1259 1936 1571 1999 haberent
1598 1956 1764 2015 eum,
1792 1956 1914 2001 nec
1941 1936 2101 1999 mihi
2119 1936 2258 2021 jam
2286 1936 2497 1999 dicere
2522 1943 2863 2020 poterant:

655 2040 835 2102 Ecce
872 2038 1106 2117 veniet,
1145 2038 1314 2101 sicut
1349 2058 1496 2100 cum
1533 2037 1792 2114 viveret,
1824 2037 2081 2122 quando
2111 2040 2342 2101 absens
2383 2045 2535 2101 erat.
2624 2040 2865 2101 Factus

659 2162 828 2203 eram
844 2140 986 2223 ipse
1005 2139 1166 2203 1111111
1182 2160 1418 2219 magna
1434 2139 1729 2222 quaestiO,
1753 2146 1818 2202 et
1836 2140 2305 2221 interrogabam
2324 2142 2616 2201 animam
2648 2160 2864 2201 meam

656 2263 860 2326 quare
902 2241 1112 2303 tristi-s·
1149 2247 1329 2317 esset,
1370 2248 1436 2304 et
1472 2262 1675 2324 quare
1716 2241 2129 2305 conturbaret
2167 2262 2269 2304 me
2307 2239 2529 2317 valde3
2598 2247 2664 2303 et
2702 2239 2869 2303 nihil

653 2350 917 2406 noverat
951 2340 1334 2424 respondere
1374 2342 1553 2404 mihi.
1643 2343 1733 2404 Et
1770 2341 1825 2403 si
1865 2341 2181 2419 dicebam,
2224 2344 2431 2422 Spera
2476 2344 2549 2405 in
2596 2344 2821 2405 Deum
2838 2367 2863 2411 ;

645 2444 822 2529 juste
849 2464 981 2506 non
1009 2443 1518 2525 obtemperabat:
1568 2442 1723 2525 quia
1748 2444 1958 2505 verior
1984 2451 2117 2506 erat
2134 2450 2199 2505 et
2213 2444 2437 2505 melior
2451 2443 2647 2505 homo
2673 2463 2869 2526 quem

656 2544 1098 2608 charissimum
1127 2544 1442 2621 amiserat,
1460 2564 1653 2627 quam
1679 2544 2079 2625 phantasma*
2107 2544 2177 2606 in
2200 2543 2374 2627 quod
2402 2564 2653 2625 sperare
2673 2542 2869 2627 jube—

653 2648 858 2710 batur.
950 2646 1148 2735 Solus¹
1164 2645 1354 2709 fletus
1381 2653 1516 2708 erat
1545 2644 1751 2708 dulcis
1778 2646 1939 2709 mihi
1967 2654 2033 2709 et
2060 2653 2455 2709 successerat
2480 2646 2693 2709 amico
2722 2665 2869 2708 meo

655 2748 726 2809 in
755 2746 1003 2811 deliciis
1032 2747 1230 2809 animi
1256 2747 1402 2809 mei.
1445 2782 1448 2791 ·

749 2854 847 2911 10.
894 2850 986 2911 Et
1010 2848 1206 2926 nunc,
1236 2848 1537 2925 Domine,
1557 2849 1695 2933 jam
1722 2850 1835 2913 illa
1861 2850 2264 2926 transierunt,
2294 2856 2360 2911 et
2386 2855 2675 2930 tempore
2704 2846 2869 2909 leni-

654 2958 790 3013 tum
818 2960 916 3014 est
941 2950 1174 3012 vulnus
1199 2972 1430 3013 meum.
1507 2950 1861 3013 Possumne
1883 2950 2101 3013 audire
2130 2952 2246 3013 abs
2276 2958 2338 3013 te
2369 2950 2481 3033 qui
2510 2949 2748 3011 veritas
2778 2969 2869 3024 eS,

656 3060 722 3116 et
741 3052 1074 3115 admovere
1107 3072 1322 3115 aurem
1353 3050 1566 3115 cordis
1593 3051 1720 3113 mei
1750 3050 1841 3112 ori
1871 3059 2005 3129 tuo,
2038 3059 2109 3117 ut
2136 3050 2314 3114 dicas
2341 3050 2502 3114 mihi
2532 3070 2646 3112 cur
2676 3050 2870 3112 fletus

655 3153 864 3217 dulcis
895 3154 979 3216 sit
1004 3149 1293 3215 miseris?
1341 3153 1446 3213 An
1484 3160 1575 3230 tn,
1606 3150 1898 3235 quamvis
1936 3152 2178 3235 ubique
2220 3151 2413 3229 adsiS,
2453 3153 2649 3231 longe
2692 3148 2871 3234 abje-

657 3255 804 3319 cisti
832 3277 872 3318 a
897 3261 962 3316 te
989 3253 1310 3317 miseriam
1335 3251 1660 3315 nostram?
1707 3254 1798 3315 Et
1824 3259 1896 3315 tu
1924 3252 1993 3315 in
2022 3261 2085 3316 te
2114 3273 2368 3329 manes3
2412 3272 2533 3315 nos
2562 3244 2783 3315 autem
2802 3250 2869 3311 in

657 3354 1114 3438 experimentis
1141 3352 1469 3416 volvimur.
1560 3354 1651 3415 Et
1674 3362 1888 3417 tamen
1916 3353 2044 3416 nisi
2082 3353 2166 3417 ad
2202 3374 2385 3416 aures
2414 3361 2557 3416 tuas
2585 3353 2869 3435 plorare-

657 3478 822 3535 muS,
859 3456 1020 3520 nihil
1058 3454 1298 3519 residui
1344 3453 1424 3517 de
1469 3475 1585 3538 spe
1627 3463 1843 3517 nostra
1885 3454 2082 3521 fieret.
2174 3453 2367 3518 Unde
2408 3453 2607 3534 igitur
2650 3453 2870 3515 suavis

655 3558 898 3621 fructus
941 3556 1022 3621 de
1060 3555 1477 3621 amaritudine
1513 3555 1663 3618 vitae
1706 3556 2006 3639 carpitur,
2044 3576 2292 3635 gemere
2328 3563 2393 3617 et
2428 3556 2601 3631 flere,
2632 3560 2700 3617 et
2729 3575 2870 3616 sus-

655 3659 862 3744 pirare
908 3667 973 3721 et
1013 3655 1356 3741 conqueri?
1416 3658 1520 3719 An
1562 3658 1687 3720 hoc
1732 3653 1866 3719 ibi·
1909 3657 2095 3720 dulce
2148 3665 2264 3733 est,
2312 3655 2487 3739 quod
2538 3676 2873 3738 speramus

658 3760 962 3825 exaudire
1001 3758 1106 3825 te?
1153 3760 1356 3823 Recte
1398 3757 1574 3820 istud
1614 3758 1683 3820 in
1726 3757 2046 3841 precibuS,
2093 3758 2247 3841 quia
2290 3756 2677 3820 desiderium
2720 3778 2869 3841 per-

655 3861 954 3925 veniendi
980 3860 1240 3924 habent.
1328 3858 1667 3943 Numquid
1692 3858 1761 3921 in
1792 3858 2007 3921 dolore
2034 3858 2285 3921 amissae
2312 3858 2406 3921 rei
2434 3866 2497 3921 et
2522 3859 2707 3921 luctu
2738 3880 2871 3941 quo

657 3974 812 4029 tunc
851 3963 1230 4048 operiebar?
1279 3964 1512 4047 Neque
1550 3964 1722 4026 enim
1738 3964 2087 4049 ‚sperabam
2114 3962 2491 4025 reviviscere
2520 3962 2728 4039 illum,
2758 3968 2873 4024 aut

662 4150 812 4215 piunt,
836 4147 1172 4213 baptizandum
1204 4145 1424 4211 putant.”
1458 4146 1517 4195 de
1544 4147 1724 4195 Haeres.
1790 4146 1823 4194 i.
1845 4145 1951 4209 19.)
1970 4162 1997 4195 e
2011 4146 2103 4194 ritu
2121 4145 2371 4195 Catholico
2387 4143 2583 4193 haeresin
2602 4160 2743 4193 suam
2763 4159 2871 4209 pro·

661 4215 794 4263 Num
817 4229 925 4261 vero
942 4213 1086 4261 alium
1113 4210 1348 4275 quendam
1383 4212 1522 4258 ritum
1545 4225 1630 4276 pro
1652 4226 1725 4259 ar·
1788 4224 1999 4275 pugnare
2022 4210 2200 4267 studet,
2226 4228 2252 4259 e
2276 4209 2511 4259 concessis
2532 4218 2871 4271 argumentum

658 4280 798 4327 bitrio
820 4293 904 4326 suo
923 4275 1348 4340 excogitarint,qui
1361 4274 1725 4340 Baptismivices
1790 4275 1988 4324 ducens.
2044 4276 2221 4323 Eodem
2253 4282 2529 4339 argumento
2564 4274 2665 4323 sed.
2682 4281 2870 4322 tantum

657 4344 911 4409 suppleret,
921 4340 1037 4390 nihil
1051 4341 1112 4389 ad
1122 4341 1248 4389 hanc
1262 4356 1359 4389 rem
1373 4340 1597 4405 pertinet:
1622 4340 1728 4389 loca
1792 4346 1827 4367 ‘⁸
1848 4342 1909 4389 ad
1942 4338 2211 4388 hominem'’
2232 4347 2427 4388 utuntur
2458 4338 2717 4387 Faustus'l.
2738 4338 2869 4387 xxiv.

661 4416 819 4456 tamen
831 4422 938 4471 quae
955 4406 1014 4453 ad
1028 4422 1137 4454 eum
1149 4404 1486 4453 adstruendum
1503 4403 1722 4461 afferunt,
1788 4420 1831 4452 c.
1861 4407 1905 4453 l.
1936 4413 1985 4453 et
2006 4405 2103 4469 ipse
2127 4406 2300 4453 Mane·
2323 4404 2416 4469 Ep.
2438 4404 2499 4451 ad
2532 4402 2751 4453 Menoeh
2784 4418 2862 4467 ap.

639 4472 777 4519 -nihil
795 4472 1012 4537 probant.
1055 4470 1244 4518 Etenim
1259 4470 1360 4517 loco
1375 4469 1435 4518 de
1457 4470 1722 4519 mor.Eccl.
1789 4469 1918 4533 Aug.
1944 4470 2041 4533 Op.
2063 4470 2191 4535 Imp.
2208 4468 2282 4517 iii.
2309 4470 2417 4518 187.

663 4534 1024 4585 Cath.c.35.de
1040 4532 1302 4582 Catholicis
1317 4533 1446 4582 haud
1462 4534 1605 4583 dubie
1625 4534 1724 4595 agi-
1857 4526 1876 4567 i
1910 4535 2028 4601 Sup.
2083 4535 2140 4583 L.
2200 4532 2269 4583 111.
2323 4534 2368 4596 §.
2422 4533 2482 4581 10
2536 4539 2589 4581 et
2646 4532 2725 4580 12.
2780 4530 2865 4579 inf.

661 4608 768 4663 tur3
804 4598 938 4648 Felix
960 4605 1118 4647 autem
1138 4599 1297 4663 (Actt.
1318 4612 1362 4647 c.
1379 4598 1482 4649 Fel.
1505 4596 1725 4649 Manich.
1791 4600 1835 4661 §.
1854 4599 1935 4651 12.
