3042 5059
627 345 1348 414 CONFESSIONUM
1393 341 1695 418 LIBER
1724 354 1843 422 XI.
2207 361 2339 421 223

119 499 433 582 simplam
459 521 625 578 esse,
649 502 826 566 illam
855 503 1145 587 duplam,
1172 503 1242 568 in
1269 506 1480 588 spatio
1512 507 1761 573 scilicet
1792 510 2114 593 temporis.
2204 512 2337 574 Ne-

118 619 254 682 que
285 601 416 665 hoc
443 623 730 684 possum,
758 603 886 666 nisi
913 605 1068 688 quia
1105 607 1548 689 praeterierunt
1583 617 1649 672 et
1684 609 1883 672 finitae
1927 621 2093 676 sunt.
2184 613 2337 676 Non

117 721 281 782 ergo
327 701 508 785 ipsas
549 723 692 788 quae
725 702 864 787 jam
907 725 1040 768 non
1085 715 1254 784 sunt,
1293 705 1407 772 sed
1449 708 1695 792 aliquid
1736 709 1805 772 in
1848 711 2155 775 memoria
2195 733 2339 776 mea

115 801 358 865 metior
384 803 559 886 quod
586 803 864 868 infixum
893 815 1126 870 manet.

151 939 154 942 ·
213 907 324 966 36.
369 905 450 966 In
489 913 575 980 te,
613 905 824 968 anime
858 928 1061 985 meust,
1095 916 1386 991 tempora
1424 910 1679 987 metior3
1724 911 1861 974 noli
1896 911 2059 974 mihi
2096 914 2341 976 obstre-

117 1024 308 1085 pere:
355 1005 534 1088 quod
555 1013 672 1086 est,
691 1005 848 1069 Noli
879 1008 1000 1070 tibi
1027 1010 1396 1092 obstrepere
1414 1012 1621 1074 turbis
1640 1011 2050 1075 affectionum
2068 1019 2337 1074 tuarum.

119 1104 207 1164 In
245 1113 335 1180 te,
369 1105 659 1188 inquam,
699 1110 990 1190 tempora
1027 1108 1256 1173 metior
1268 1133 1286 1186 ;
1347 1110 1757 1174 affectionem
1798 1131 1989 1195 quam
2033 1133 2135 1174 res
2172 1133 2339 1194 prae-

116 1211 446 1267 tereuntes
473 1204 543 1266 in
572 1211 636 1267 te
661 1203 932 1282 faciunt,
959 1217 1026 1271 et
1054 1229 1202 1271 cum
1243 1209 1370 1272 illae
1411 1211 1831 1292 praeterierint
1865 1221 2101 1290 manet,
2128 1213 2339 1295 ipsam

113 1307 356 1370 metior
375 1316 780 1390 praesentem,
799 1330 934 1371 non
955 1308 1105 1377 eas*
1139 1331 1284 1395 quae
1306 1313 1750 1395 praeterierunt
1776 1323 1849 1378 ut
1876 1314 2083 1379 fieret:
2128 1316 2341 1398 ipsam

113 1409 374 1486 metior,
413 1431 562 1473 cum
603 1419 896 1494 tempora
937 1413 1182 1478 metior.
1270 1415 1450 1494 Ergo
1495 1422 1609 1478 aut
1642 1415 1790 1499 ipsa
1840 1425 1990 1480 sunt
2030 1426 2339 1500 tempora,

115 1520 234 1574 aut
257 1533 396 1574 non
425 1521 714 1596 tempora
740 1515 986 1578 metior.
1010 1554 1015 1559 -
1075 1515 1250 1588 Quid
1279 1537 1430 1580 cum
1456 1517 1755 1582 metimur
1783 1519 2058 1597 silentia,
2086 1529 2151 1583 et
2178 1520 2337 1584 dici-

114 1633 264 1674 mus
297 1613 464 1676 illud
509 1612 837 1678 silentium
881 1623 1128 1679 tantum
1171 1618 1456 1680 tenuisse
1503 1620 1832 1702 temporiS,
1873 1629 2183 1704 quantum
2224 1621 2339 1684 illa

113 1738 250 1778 vox
307 1715 554 1780 tenuit?
648 1718 884 1780 Nonne
941 1719 1396 1799 cogitationem
1453 1719 1778 1784 tendimus
1834 1719 1919 1784 ad
1974 1743 2337 1801 mensuram

112 1818 322 1896 vocis,
371 1817 558 1902 quasi
597 1827 870 1895 sonaret,
909 1826 982 1882 ut
1023 1817 1272 1903 aliquid
1311 1818 1391 1882 de
1431 1819 1782 1884 intervallis
1826 1823 2223 1886 silentiorum
2266 1824 2339 1885 in

111 1918 330 2005 spatio
361 1918 668 2001 temporis
693 1919 1056 1983 renuntiare
1085 1918 1454 2002 possimus?
1519 1922 1692 1984 Nam
1720 1930 1785 1985 et
1814 1944 1972 1986 voce
2002 1931 2197 2007 atque
2228 1945 2339 1988 ore

113 2027 440 2096 cessante,
467 2018 832 2102 peragimus
861 2020 1206 2100 cogitando
1245 2021 1551 2098 carmina,
1581 2030 1649 2085 et
1672 2044 1892 2086 versus
1921 2032 1985 2086 et
2016 2045 2337 2108 quemque

112 2140 502 2198 sermonem,
531 2121 1014 2203 motionumque
1053 2118 1487 2187 dimensiones
1521 2123 1863 2206 quaslibet,
1892 2131 1959 2186 et
1986 2123 2067 2186 de
2110 2125 2339 2208 spatiis

109 2229 503 2305 temporum,
531 2229 844 2306 quantum
870 2219 1036 2284 illud
1065 2220 1150 2283 ad
1186 2220 1349 2284 illud
1385 2220 1472 2284 sit
1504 2223 1965 2301 renuntiamuS,
1992 2246 2127 2289 non
2154 2226 2338 2289 aliter

109 2344 186 2385 ac
236 2324 296 2386 si
343 2345 424 2387 ea
465 2321 752 2386 sonando
797 2323 1171 2386 diceremus,
1262 2323 1334 2386 Si
1377 2324 1651 2386 voluerit
1687 2324 1923 2408 aliquis
1964 2325 2153 2388 edere
2194 2327 2335 2390 lon-

111 2424 480 2504 giusculam
521 2446 766 2500 vocem,
808 2433 875 2487 et
915 2424 1316 2488 constituerit
1353 2423 1857 2507 praemeditando
1904 2448 2099 2510 quam
2141 2428 2337 2507 longa

107 2528 330 2589 sutura
385 2526 505 2602 sit3
579 2525 713 2605 egit
765 2525 990 2609 utique
1048 2525 1170 2588 istc
1229 2525 1508 2608 spatium
1567 2526 1875 2609 temporis
1930 2528 2001 2588 in
2058 2528 2333 2605 silentio,

108 2627 570 2711 memoriaeque
593 2627 1048 2690 commendans
1069 2627 1270 2710 coepit
1295 2627 1480 2691 edere
1507 2627 1687 2691 illam
1707 2649 1929 2692 vocem
1946 2633 2105 2713 'quae
2126 2639 2333 2708 sonat,

110 2725 327 2790 donec
373 2726 458 2790 ad
500 2727 902 2809 propositum
945 2727 1284 2790 terminum
1333 2726 1753 2810 perducatur:
1828 2729 1961 2790 imo
2004 2731 2225 2792 sonuit
2264 2740 2333 2794 et

109 2826 411 2903 sonabit3
473 2847 626 2890 nam
677 2827 852 2910 quod
899 2828 1038 2913 ejus
1075 2827 1212 2913 jam
1259 2837 1588 2910 peractum
1636 2838 1755 2909 est,
1801 2831 2025 2914 utique
2077 2831 2329 2908 sonuit3
2392 2817 2395 2821 ⁵

109 2929 293 3012 quod
324 2938 538 2993 autem
565 2936 780 3007 restat,
811 2931 1094 2992 sonabit:
1141 2935 1346 3013 atque
1365 2931 1458 2994 ita
1484 2931 1833 3014 peragitur,
1863 2931 2017 2995 dum
2043 2955 2331 3016 praesens

105 3031 386 3095 intentio
446 3030 726 3094 futurum
783 3033 854 3095 in
903 3030 1294 3114 praeteritum
1341 3030 1601 3114 trajicit,
1650 3030 2073 3097 diminutione
2130 3035 2329 3097 futuri

107 3139 444 3195 crescente
499 3133 846 3215 praeteritO,
891 3131 1096 3194 donec
1157 3130 1690 3215 consumptione*
1734 3132 1929 3195 futuri
1980 3134 2067 3196 sit
2122 3143 2327 3198 totum

105 3233 526 3316 praeteritum.
1818 3303 1821 3306 ,
2061 3295 2077 3299 .,

197 3341 305 3398 37.
353 3333 486 3400 Sed
523 3335 844 3419 quomodo
882 3335 1192 3400 minuitur
1232 3344 1344 3400 aut
1379 3335 1777 3400 consumitur
1814 3337 2117 3414 futurum,
2145 3338 2320 3420 quod
2340 3349 2563 3419 xxvm

105 3436 400 3500 nondum
431 3436 565 3500 est?
613 3445 726 3501 aut
755 3438 1078 3522 quomodo
1109 3438 1340 3502 crescit
1379 3439 1769 3521 praeteritum
1809 3427 1985 3522 quod
2010 3432 2149 3523 jam
2188 3460 2323 3502 non
2338 3409 2557 3522 22:31„

105 3546 232 3615 est,
275 3538 408 3600 nisi
452 3538 607 3621 quia
647 3538 718 3600 in
761 3537 976 3602 animo
1037 3539 1149 3623 qui
1204 3538 1367 3601 illud
1413 3539 1549 3620 agit
1586 3541 1711 3604 tria
1752 3539 1940 3602 sunt?
2030 3541 2202 3604 Nam
2256 3549 2325 3604 et
2338 3545 2565 3603 tempora.

105 3646 452 3722 exspectat
479 3647 546 3702 et
575 3639 848 3703 attendit
875 3647 942 3703 et
967 3639 1278 3716 meminit,
1307 3646 1382 3702 ut
1405 3639 1478 3702 id
1503 3640 1683 3724 quod
1708 3647 2067 3723 exspectat,
2092 3662 2211 3724 per
2248 3641 2321 3704 id

107 3737 290 3822 quod
347 3738 644 3817 attendit,
687 3748 972 3804 transeat
1011 3739 1080 3802 in
1122 3739 1192 3802 id
1237 3739 1415 3822 quod
1454 3740 1831 3805 meminerit.
1923 3740 2085 3813 Quis
2125 3741 2325 3822 igitur

102 3848 307 3921 negat
345 3839 558 3902 flatura
596 3839 886 3904 nondum
929 3839 1107 3904 esse?
1199 3839 1330 3903 Sed
1389 3849 1605 3904 tamen
1652 3840 1791 3924 jam
1842 3849 1943 3905 est
1990 3839 2061 3902 in
2106 3842 2321 3904 animo

104 3941 514 4024 exspectatio
571 3940 946 4004 futurorum.
1033 3943 1126 4004 Et
1175 3941 1322 4024 quis
1377 3950 1575 4022 negat
1626 3941 1947 4024 praeterita
1992 3940 2132 4024 jam
2186 3962 2319 4003 non

103 4041 286 4106 esse?
383 4041 514 4106 Sed
540 4051 756 4106 tamen
785 4039 997 4107 adhuc
1029 4043 1226 4106 estin
1255 4043 1469 4106 animo
1497 4041 1805 4105 memoria
1836 4041 2317 4123 praetentorum.

103 4145 198 4206 Et
227 4143 379 4227 quis
419 4151 614 4224 negat
645 4165 932 4227 praesens
967 4151 1222 4226 tempus
1261 4163 1470 4206 carere
1508 4141 1742 4225 spatie,
1772 4141 1929 4225 quia
1966 4141 2037 4203 in
2072 4149 2319 4224 puncto

103 4242 428 4326 praeterit?
523 4240 654 4308 Sed
699 4254 916 4308 tamen
959 4241 1266 4328 perdurat
1313 4242 1581 4307 attentio
1628 4263 1743 4326 per
1798 4263 1993 4326 quam
2046 4240 2317 4324 pergat’

104 4347 335 4408 abesse
365 4344 543 4429 quod
572 4345 793 4409 aderit.
856 4346 1009 4408 Non
1035 4344 1234 4428 igitur
1260 4345 1525 4426 longum
1554 4352 1807 4428 tempus
1832 4344 2113 4406 futurum
2142 4343 2320 4427 quod

102 4467 236 4508 non
281 4454 406 4523 est,
449 4445 564 4510 sed
621 4447 890 4527 longum
946 4447 1228 4510 futurum
1269 4447 1466 4526 longa
1507 4445 1911 4528 exspectatio
1952 4442 2147 4508 fiimri
2186 4450 2323 4521 θείς-
