3042 5059
645 399 1360 466 CONFESSIONUM
1403 404 1691 467 LIBER
1730 406 1883 469 VII.
2250 412 2371 470 115

200 570 662 635 Atheniensibus
701 594 818 656 per
859 572 1242 655 Apostolum
1285 580 1488 650 tuum,
1536 573 1712 655 quod
1752 576 1825 636 in
1873 583 1936 639 te
1978 576 2255 639 vivimus
2296 585 2361 639 et

195 692 484 735 movemur
509 671 584 736 et'
601 694 822 736 samus
839 698 861 742 ,-
908 661 1079 735 sicui
1105 680 1170 735 et
1199 673 1464 756 quidam
1507 674 1857 736 secundum
1886 697 1989 738 eos
2013 676 2327 739 dixerunt
2343 700 2363 739 .·
2389 678 2499 729 Act.
2528 682 2607 738 17,

197 777 252 833 et
276 771 477 856 utique
505 772 657 837 inde
685 781 866 838 erant
892 772 988 835 illi
1016 773 1183 836 libri.
1250 774 1343 837 Et
1368 795 1500 836 non
1532 773 1772 837 attendi
1802 775 1871 837 in
1915 776 2090 839 idola
2118 777 2363 861 AEgyp-
2380 745 2461 792 28·

196 870 416 952 tiorum,
433 873 666 956 quibus
696 874 775 937 de
807 895 959 937 auro
992 880 1100 936 tuo
1123 873 1592 950 ministrabant,
1614 874 1727 958 qui
1759 882 2364 941 transmutaverunt
2384 880 2521 930 Rom.
2550 885 2594 942 ἲ,

193 975 494 1037 veritatem
548 978 681 1039 Dei
735 979 809 1039 in
863 976 1302 1054 mendacium,
1351 983 1418 1039 et
1473 978 1833 1054 coluerunt,
1882 987 1947 1042 et
2002 982 2363 1045 servierunt
2377 947 2459 995 25.

193 1082 472 1137 creaturae
489 1079 714 1156 potius
740 1096 936 1159 quam
972 1076 1291 1139 Creatori.

267 1178 353 1236 16.
394 1176 482 1238 Et
521 1176 674 1239 inde
720 1176 1084 1240 admonitus
1125 1176 1328 1241 redire
1380 1178 1463 1241 ad
1503 1180 1974 1263 memetipsum,
2016 1180 2249 1244 intravi
2290 1181 2361 1244 in
2460 1181 2526 1256 X,-

190 1274 385 1340 intima
425 1298 588 1355 mea,
632 1278 796 1342 duce
842 1286 944 1356 te3
1005 1285 1070 1340 et
1119 1278 1340 1361 potui,
1371 1280 1679 1363 quoniam
1728 1280 1936 1343 factus
1989 1302 2059 1344 es
2111 1280 2364 1366 adjutor
2378 1244 2583 1359 ἓξὲξ.

190 1398 359 1440 meus.
442 1380 707 1457 Intravi,
738 1388 803 1442 et
829 1379 961 1443 vidi
994 1379 1446 1464 qualicumque
1478 1381 1668 1443 oculo
1699 1380 1927 1443 animae
1956 1403 2138 1461 meae,
2169 1402 2361 1465 supra
2376 1382 2598 1487 guntm-

193 1478 430 1543 eundem
470 1482 732 1544 oculum
777 1482 1006 1544 animae
1048 1501 1231 1557 meae,
1277 1501 1472 1564 supra
1514 1488 1789 1543 mentem
1833 1503 2061 1560 meam,
2104 1454 2565 1615 lucem‘gfsstino

190 1576 782 1659 incommutabilem3
831 1604 962 1645 non
1010 1582 1180 1645 hanc
1229 1583 1553 1663 vulgarem
1599 1589 1665 1645 et
1713 1583 2133 1664 conspicuam
2184 1585 2361 1645 omni
2410 1582 2553 1617 ΝΜ·

193 1679 403 1758 cami⁸3
444 1703 565 1746 nec
595 1684 786 1767 quasi
815 1705 900 1746 ex
930 1682 1157 1746 eodem
1189 1704 1418 1764 genere
1451 1681 1750 1763 grandior
1779 1689 1933 1760 erat,
1964 1690 2270 1766 tanquam
2303 1686 2360 1747 si

188 1778 291 1843 ista
323 1784 514 1846 multo
556 1785 891 1868 multoque
936 1785 1171 1849 clarius
1211 1785 1608 1861 claresceret,
1640 1792 1973 1867 totumque
2013 1794 2361 1868 occuparet

190 1882 609 1962 magnitudine.
698 1886 851 1947 Non
893 1885 1020 1949 hoc
1062 1885 1178 1947 illa
1223 1892 1392 1960 erat3
1439 1883 1555 1947 sed
1600 1884 1797 1962 aliud,
1828 1884 2005 1947 aliud
2040 1885 2228 1949 valde
2273 1888 2355 1949 ab

188 1980 303 2043 istis
327 1985 637 2049 omnibus
729 1986 872 2049 Nec
900 1986 994 2047 ita
1022 1992 1156 2049 erat
1185 2006 1377 2068 supra
1405 1993 1685 2048 mentem
1712 2006 1919 2048 meam
1949 1985 2117 2049 sicut
2144 1987 2355 2049 oleum

189 2102 350 2164 super
393 2107 644 2169 aquam,
690 2107 809 2149 nec
863 2085 1029 2149 sicut
1073 2087 1306 2149 coelum
1351 2106 1545 2169 super
1581 2092 1845 2162 terram3
1892 2085 2005 2149 sed
2050 2088 2357 2171 superior,

189 2183 316 2264 quia
348 2185 485 2268 ipsa
526 2186 685 2250 fecit
731 2208 856 2264 me,
899 2193 965 2249 et
1009 2208 1131 2267 ego
1178 2186 1455 2263 inferior,
1496 2187 1651 2269 quia
1693 2187 1900 2251 factus
1945 2209 2086 2251 sum
2130 2190 2211 2251 ab
2258 2211 2353 2253 ea.

187 2284 294 2356 Qui
341 2288 514 2352 novit
558 2288 913 2367 veritatem,
961 2289 1144 2352 novit
1202 2310 1380 2366 eam3
1442 2296 1509 2352 et
1558 2290 1671 2373 qui
1727 2290 1905 2353 novit
1961 2311 2125 2367 eam,
2174 2292 2356 2355 novit

187 2388 578 2454 aeternitatem.
672 2389 968 2454 Charitas
1010 2390 1192 2453 novit
1227 2412 1387 2454 eam.
1476 2390 1535 2454 Ο
1567 2398 1802 2454 aeterna
1828 2391 2081 2469 veritas,
2113 2400 2177 2455 et
2204 2414 2353 2457 vera

187 2486 444 2570 charitas,
473 2499 537 2556 et
575 2492 771 2556 chara
807 2489 1197 2555 aeternitas⁰!
1246 2500 1319 2556 tu
1355 2512 1424 2555 es
1454 2492 1634 2556 Deus
1674 2513 1891 2568 meus;
1937 2492 2056 2555 tibi
2098 2494 2351 2577 suspiro

183 2584 266 2649 die
291 2610 360 2653 ac
385 2599 593 2657 nocte.
670 2593 763 2655 Et
791 2613 940 2656 cum
969 2599 1032 2655 te
1060 2592 1337 2675 primum
1366 2594 1666 2673 cognovi,
1699 2600 1768 2655 tu
1796 2591 2196 2675 assumpsisti
2226 2614 2351 2669 me,

185 2698 244 2750 ut
259 2691 517 2756 viderem
538 2714 684 2757 esse
707 2693 885 2777 quod
903 2694 1204 2773 viderem,
1221 2702 1287 2758 et
1311 2694 1598 2756 nondum
1627 2716 1729 2757 me
1752 2714 1892 2756 esse
1914 2693 2025 2775 qui
2048 2692 2347 2756 viderem.

182 2790 256 2853 Et
300 2796 702 2860 reverberasti
757 2794 1190 2858 infirmitatem
1249 2802 1549 2878 aspectus
1606 2795 1756 2872 mei,
1805 2794 2061 2858 radians
2118 2794 2190 2856 in
2245 2816 2347 2857 me

181 2892 568 2977 vehementer,
599 2903 664 2959 et
705 2894 1059 2959 contremui
1100 2916 1312 2958 amore
1351 2901 1417 2957 et
1457 2896 1752 2970 horrore3
1800 2904 1863 2957 et
1902 2894 2114 2957 inveni
2154 2894 2347 2975 longe

181 3011 266 3055 me
303 3016 432 3060 esse
475 3020 516 3061 a
556 3006 623 3061 te
666 2997 736 3060 in
779 2996 1040 3078 regione
1085 2994 1625 3059 dissimilitudinis
1637 3000 1683 3071 Ρ,
1715 3001 2018 3076 tanquam
2062 2993 2345 3056 audirem

179 3112 369 3159 vocem
407 3106 585 3162 tuam
629 3097 710 3162 de
755 3098 1054 3162 excelso:
1117 3097 1321 3161 Cibus
1366 3116 1506 3158 sum
1556 3094 1895 3178 grandium
1913 3117 1932 3170 3
1994 3114 2228 3170 cresce,
2275 3102 2341 3156 et

179 3196 560 3262 manducabis
618 3220 738 3261 me.
849 3198 993 3260 Nec
1044 3206 1118 3259 tu
1163 3217 1265 3259 me
1313 3195 1385 3258 in
1436 3204 1504 3257 te
1554 3194 1852 3270 mutabis,
1900 3194 2070 3257 sicut
2126 3194 2342 3257 cibum

179 3296 356 3360 carnis
389 3307 553 3378 tuae3
610 3299 725 3363 sed
768 3306 840 3362 tu
876 3297 1222 3361 mutaberis
1263 3296 1332 3359 in
1377 3317 1497 3359 me.
1587 3296 1679 3359 Et
1720 3296 1994 3375 cognovi
2035 3294 2341 3379 quoniam

170 3412 271 3470 pro
312 3401 663 3485 iniquitate
709 3399 986 3463 erudisti
1035 3399 1379 3474 hominem,
1423 3405 1488 3459 et
1538 3395 1855 3460 tabescere
1892 3398 2126 3480 fecisti
2169 3399 2339 3461 sicat
2354 3416 2437 3465 Ρι.
2459 3419 2541 3476 38,

175 3516 450 3562 araneam
479 3504 773 3565 animam
804 3520 1048 3575 meam3
1095 3505 1158 3561 et
1187 3497 1360 3565 dixi:
1410 3496 1748 3581 Numquid
1775 3498 1941 3559 nihil
1970 3505 2068 3560 est
2087 3499 2340 3577 veritaS,
2358 3483 2433 3531 ¹²·

178 3599 444 3675 quoniam
479 3623 692 3686 neque
730 3621 844 3684 per
883 3598 1088 3675 finita,
1117 3619 1326 3681 neque
1361 3620 1477 3683 per
1513 3596 1769 3660 infinita
1806 3598 2093 3661 locorum
2132 3600 2341 3683 spatia

179 3691 379 3764 dlffusa
413 3703 552 3766 est?
642 3704 734 3765 Et
771 3698 1061 3765 clamasti
1091 3697 1171 3760 de
1199 3699 1589 3783 longinquo:
1638 3700 1781 3761 Imo
1810 3718 1980 3776 vern,
2010 3700 2153 3779 Eyo
2193 3720 2335 3763 sam
2352 3713 2445 3825 fix.
2468 3712 2518 3769 3,

181 3960 191 3971 ,
232 3904 253 3933 ¹¹
280 3904 403 3955 Deus
436 3908 519 3958 lux
557 3918 646 3967 est,
681 3925 773 3957 non
809 3908 1046 3974 quomodo
1076 3907 1205 3956 oculi
1270 3906 1366 3954 Dei
1408 3904 1627 3961 essentia,
1672 3919 1769 3966 qua
1809 3912 1897 3959 est,
1947 3904 2064 3951 nihil
2109 3905 2339 3954 mutabile

181 3964 242 4013 mi
268 3968 426 4032 vident,
448 3974 530 4022 sed
559 3975 794 4037 quomodo
826 3974 954 4023 videt
984 3989 1063 4021 cor
1095 3988 1202 4019 cum
1270 3972 1429 4026 habet,
1456 3969 1611 4017 necin
1634 3967 1911 4024 aeternitate,
1936 3982 2022 4015 uec
2054 3968 2101 4014 in
2127 3969 2337 4022 veritate,

182 4030 308 4087 mdis,
326 4042 356 4063 ‘⁸
381 4038 568 4086 Veritas
591 4038 712 4088 est.”
775 4041 906 4103 Aug.
930 4038 990 4086 de
1013 4038 1146 4085 Tria.
1171 4037 1204 4083 Ι.
1270 4050 1355 4082 nec
1393 4034 1442 4081 in
1476 4032 1747 4081 voluntate:
1794 4031 1905 4094 quia
1949 4040 2125 4079 aeterna
2162 4032 2227 4079 ibi
2266 4039 2339 4081 est

180 4091 360 4145 viii.e.2.
376 4101 464 4150 vid.
489 4118 592 4166 sup.
611 4120 658 4167 p.
678 4104 870 4150 47.not.
885 4118 924 4150 e.
941 4102 1001 4150 ad
1017 4101 1139 4163 iv.§.
1157 4102 1203 4149 3.
1269 4097 1460 4152 veritas,
1493 4104 1669 4143 aeterna
1704 4094 1907 4167 car-itas3
1941 4102 1989 4143 et
2026 4110 2132 4143 vera
2164 4095 2232 4167 ibi
2266 4104 2336 4143 est

229 4162 252 4188 ⁰
277 4161 348 4210 Ad
368 4166 506 4214 nostri
527 4181 690 4215 sumus
711 4167 930 4219 creatoris
951 4165 1204 4229 imaginem
1269 4161 1458 4221 caritas,
1488 4174 1596 4209 vera
1634 4164 1898 4215 eternium
1946 4166 1995 4205 et
2027 4172 2137 4206 cara
2170 4159 2235 4207 ibi
2266 4167 2337 4207 est

177 4224 313 4293 θῐθρἃῑὶ,
333 4230 460 4293 cujus
493 4238 565 4281 est
603 4246 714 4279 veta
752 4230 1003 4286 aeternitas,
1027 4238 1207 4279 aeterna
1271 4226 1525 4281 eternitas,
1543 4238 1653 4273 cara
1671 4222 1857 4270 veritas.
1902 4222 2031 4285 Aug.
2050 4222 2108 4271 de
2123 4222 2256 4272 Trin.
2273 4224 2336 4271 iv.

177 4294 336 4343 '‘mas.
355 4302 528 4343 eterna
547 4304 594 4344 et
616 4310 724 4344 vera
747 4295 951 4343 charitas
964 4313 977 4355 ;
1012 4310 1208 4347 tamnu
1271 4304 1469 4355 prooem.
2228 4349 2238 4360 ⁸
2289 4351 2300 4361 ο

179 4363 272 4397 mr.
296 4355 522 4406 AErtmu
544 4376 604 4408 n·
627 4376 760 4408 νειμ
797 4376 859 4408 m·
890 4375 1064 4407 cunm
1081 4358 1208 4407 Tiu-
1339 4368 1360 4399 ι»
1398 4350 1655 4404 Dissimilis
1696 4348 1869 4407 factus,
1896 4348 2036 4411 longe
2074 4358 2335 4410 recessisti,

181 4425 324 4473 Mus,
353 4436 499 4496 neque
535 4424 747 4481 confusa,
780 4438 933 4485 neque
973 4430 1207 4486 separata.
1272 4418 1436 4468 similis
1458 4418 1626 4472 sactus,
1649 4414 1856 4480 proxime
1877 4412 2080 4463 accedis.
2145 4415 2273 4481 Aug.
2287 4414 2337 4463 iu

179 4474 284 4541 Aug·
311 4483 364 4533 de
387 4486 492 4535 Cw.
513 4488 622 4548 Dei,
642 4487 674 4536 i.
690 4490 774 4537 28.
829 4485 1045 4537 Omnino
1075 4485 1203 4535 enim
1272 4484 1478 4547 Praeloq.
1500 4483 1646 4531 Serm.
1672 4479 1733 4529 ad
1758 4477 1884 4530 Psal-
1904 4478 1985 4527 99.

1190 4576 1284 4631 12
