3042 5059
743 355 1468 420 CONFESSIONUM
1512 357 1797 423 LIBER
1840 359 1924 421 X.
2309 363 2433 430 1,.77

325 513 421 572 19.
475 509 641 572 Item
691 509 980 572 continet
1024 511 1331 574 memoria
1377 533 1785 577 numerorum
1837 510 2439 596 dimensionumque
2505 520 2631 569 xlt.

219 609 510 674 rationes
537 616 604 672 et
634 610 812 689 leges
839 610 1358 689 innumerabiles,
1389 632 1659 695 quarum
1696 613 1939 675 nullam
1970 613 2255 695 corporis
2292 633 2437 676 sen-
2452 584 2646 697 ἓξὲξ

222 731 344 772 sus
385 709 747 792 impressit3
793 711 948 794 quia
985 732 1105 774 nec
1145 710 1308 794 ipsae
1350 713 1647 776 coloratae
1692 719 1861 792 sunt,
1893 720 2004 775 aut
2044 720 2297 790 sonant,
2327 719 2439 776 aut
2456 713 2649 760 mation-

223 811 428 886 olent,
457 819 570 874 aut
606 817 900 891 gustatae,
929 818 1043 874 aut
1081 819 1492 876 contrectatae
1536 819 1703 884 sunt.
1792 811 2031 875 Audivi
2072 832 2265 875 sonos
2298 833 2437 875 ver·
2453 790 2675 888 2¹32*

216 908 458 973 'borum
481 909 718 993 quibus
745 910 1191 991 significantur
1217 933 1364 976 cum
1393 912 1474 974 de
1500 912 1605 974 his
1633 911 1993 988 disseritur3
2038 910 2154 974 sed
2180 911 2277 973 illi
2304 911 2437 988 alii,

220 1009 372 1073 istae
423 1018 636 1074 autem
684 1011 828 1073 aliae
875 1019 1058 1074 sunt:
1121 1033 1271 1074 nam
1320 1012 1416 1074 illi
1467 1013 1653 1075 aliter
1694 1013 1945 1088 Graece,
1984 1012 2168 1074 aliter
2206 1011 2447 1075 Latine·

223 1118 502 1186 sonant3
561 1111 702 1172 istae
743 1131 894 1173 vero
943 1132 1064 1174 nec
1109 1113 1356 1176 Graecae
1404 1133 1527 1176 nec
1571 1112 1823 1176 Latinae
1874 1119 2043 1188 sunt,
2088 1132 2209 1175 nec
2260 1111 2445 1174 aliud

223 1209 632 1293 eloquiorum
660 1231 882 1290 genus.
970 1210 1129 1273 Vidi
1165 1211 1372 1276 lineas
1409 1213 1755 1288 fabrorum,
1784 1213 1887 1274 vel
1920 1211 2113 1275 etiam
2139 1210 2436 1274 tenuissi-

222 1329 390 1386 mas,
407 1308 578 1373 sicut
597 1308 780 1373 filum
811 1331 1090 1388 araneae3
1121 1311 1240 1374 sed
1265 1312 1396 1376 illae
1427 1312 1569 1376 aliae
1600 1320 1771 1389 sunt,
1787 1333 1923 1375 non
1952 1318 2101 1374 sunt
2126 1311 2445 1392 imagines·

223 1429 450 1472 earum
479 1430 642 1494 quas
679 1410 842 1472 mihi
881 1411 1202 1474 nuntiavit
1240 1411 1455 1492 carnis
1487 1413 1752 1475 oculus:
1799 1413 1978 1476 novit
2006 1433 2117 1476 eas
2146 1411 2440 1494 quisquis.

223 1510 370 1572 sine
397 1511 532 1572 ulla
558 1510 950 1590 cogitatione
981 1511 1470 1595 qualiscumque
1497 1513 1787 1594 corporis
1815 1513 1991 1575 intus
2018 1511 2285 1592 agnovit
2308 1533 2437 1574 eas.

223 1613 420 1676 Sensi
439 1612 636 1676 etiam
661 1634 962 1677 numeros
989 1614 1290 1678 omnibus
1319 1615 1605 1698 corporis
1634 1615 1931 1678 sensibus
1954 1635 2119 1698 quos
2145 1633 2437 1677 numera-

221 1733 410 1790 mus3
473 1712 589 1776 sed
642 1713 740 1776 illi
797 1714 910 1777 alii
969 1725 1119 1779 sunt
1170 1716 1408 1800 quibus
1465 1736 1894 1792 numeramus,
1944 1736 2066 1778 nec
2124 1714 2443 1794 imagines·

221 1815 501 1878 istorum
545 1823 715 1891 sunt,
745 1822 811 1878 et
849 1815 1000 1878 ideo
1041 1815 1232 1879 valde
1273 1823 1439 1878 sunt.
1530 1814 1766 1880 Rideat
1805 1810 1921 1878 me'
1951 1815 2078 1878 ista
2118 1814 2436 1878 dicentem

223 1915 346 1998 qui
372 1936 508 1978 non
537 1935 652 1977 eos
679 1914 876 1992 videt,
905 1923 971 1978 et
999 1936 1122 1996 ego
1155 1914 1406 1980 doleam
1433 1915 1747 1978 ridentem
1776 1935 1900 1978 me.

315 2021 424 2078 20.
470 2018 640 2080 Haec
675 2017 890 2080 omnia
925 2017 1234 2081 memoria
1268 2025 1480 2096 tenen,
1519 2015 1947 2101 et'quomodo
1986 2037 2065 2079 ea
2106 2014 2439 2078 didicerim
2490 2031 2644 2080 X111.

225 2117 542 2179 memoria
583 2124 788 2180 tene0.
887 2117 1102 2180 Multa
1143 2117 1334 2180 etiam
1380 2117 1531 2202 quae‘
1572 2116 1875 2180 adversus
1916 2116 2059 2178 haec
2102 2115 2443 2178 falsissime
2458 2095 2645 2168 haemo·

225 2216 644 2299 disputantur
671 2216 912 2292 audivi,
940 2225 1006 2288 et
1031 2217 1338 2280 memoria
1366 2225 1581 2280 teneo:
1631 2239 1775 2300 quae
1804 2216 2058 2280 tametsi
2085 2215 2249 2279 falsa
2276 2223 2444 2292 sunt,
2458 2173 2650 2270 220¹?ss

226 2325 450 2380 tamen
496 2339 575 2380 ea
619 2317 986 2380 meminisse
1028 2339 1132 2380 me
1173 2339 1304 2380 non
1351 2326 1451 2380 est
1497 2318 1729 2381 falsum
1741 2341 1760 2394 3
1814 2324 1879 2379 et
1922 2315 2297 2380 discrevisse
2339 2335 2442 2378 me
2458 2301 2607 2398 2:³12?
2610 2303 2661 2336 θ’

225 2417 400 2480 inter
421 2417 538 2480 illa
555 2438 705 2480 vera
733 2426 798 2481 et
823 2418 966 2480 haec
986 2418 1150 2481 falsa
1170 2439 1315 2502 quae
1339 2417 1884 2496 contradicuntur,
1900 2425 1966 2480 et
1990 2416 2116 2479 hoc
2146 2415 2440 2492 memini3
2458 2429 2580 2463 mus.

227 2517 544 2601 aliterque
571 2538 745 2580 nunc
775 2516 964 2580 video
995 2516 1354 2581 discernere
1393 2539 1498 2580 me
1532 2517 1678 2595 ista,
1708 2517 1892 2580 aliter
1928 2525 2140 2580 autem
2177 2515 2441 2578 memini

228 2640 407 2702 saepe
433 2640 536 2683 me
565 2619 942 2682 discrevisse
972 2640 1120 2682 cum
1159 2639 1238 2682 ea
1277 2640 1448 2703 saepe
1479 2619 1848 2702 cogitarem.
1936 2619 2113 2698 Ergo
2154 2625 2219 2680 et
2254 2615 2439 2678 intel-

224 2719 470 2782 lexisse
518 2740 622 2782 me
669 2718 908 2802 saepius
957 2718 1084 2782 ista
1133 2718 1430 2794 memini3
1489 2728 1558 2782 et
1602 2718 1773 2803 quod
1820 2739 1993 2781 nunc
2038 2716 2331 2779 discerno
2376 2723 2443 2778 et

225 2819 546 2900 intelligo,
572 2817 852 2882 recondo
879 2819 954 2880 in
984 2818 1310 2898 memoria,
1339 2829 1414 2882 ut
1449 2827 1677 2902 postea
1710 2839 1815 2880 me
1840 2839 2015 2881 nunc
2044 2816 2443 2895 intellexisse

227 2918 649 2982 meminerim.
735 2920 916 3000 Ergo
959 2926 1027 2982 et
1067 2919 1434 2982 meminisse
1483 2939 1589 2981 me
1636 2918 1937 2994 memini3
1998 2917 2167 2980 sicut
2212 2925 2441 2999 postea

229 3018 412 3104 quod
449 3020 594 3082 haec
622 3018 950 3082 reminisci
977 3040 1152 3083 nunc
1181 3018 1367 3102 potui
1397 3018 1450 3082 si
1479 3017 1883 3096 recordabor,
1909 3017 2133 3100 utique
2163 3037 2280 3099 per
2304 3016 2437 3078 vim

223 3119 554 3182 memoriae
581 3119 980 3183 recordabor.

320 3223 429 3282 21.
473 3220 868 3283 Affectiones
887 3241 1148 3303 quoque
1170 3220 1367 3282 animi
1387 3219 1514 3282 mei
1536 3219 1759 3283 eadem
1788 3218 2095 3282 memoria
2122 3217 2433 3280 continett
2498 3245 2645 3294 XIV.

227 3341 364 3383 non
392 3321 508 3382 illo
529 3319 724 3384 modo
747 3341 878 3404 quo
899 3341 1009 3384 eas
1035 3321 1234 3384 habet
1259 3321 1402 3404 ipse
1432 3320 1683 3384 animus
1705 3341 1852 3384 cum
1881 3317 2125 3402 patitur
2144 3339 2284 3394 eas3
2324 3315 2439 3380 sed
2454 3310 2661 3422 dstsffiffi

229 3420 360 3484 alio
389 3421 662 3484 multum
693 3420 967 3499 diverse,
997 3419 1166 3484 sicut
1203 3441 1344 3484 sese
1382 3421 1581 3484 habet
1608 3419 1705 3482 vis
1746 3417 2084 3482 memoriae.
2176 3419 2349 3480 Nam
2376 3424 2441 3480 et
2455 3401 2640 3511 morra·

225 3522 520 3584 laetatum
556 3542 660 3584 me
697 3521 894 3584 fuisse
933 3520 1308 3584 reminiscor
1347 3541 1480 3582 non
1521 3522 1731 3596 laetus,
1762 3527 1827 3582 et
1868 3518 2190 3582 tristitiam
2231 3537 2439 3580 meam
2453 3511 2660 3550 ⁰⁰⁰¹¹¹¹⁹⁸

225 3621 616 3704 praeteritam
670 3621 972 3686 recordor
1017 3642 1151 3683 non
1201 3620 1420 3697 tristis,
1471 3628 1539 3683 et
1594 3641 1697 3682 me
1754 3617 2101 3702 aliquando
2152 3617 2439 3680 timuisse
2455 3564 2650 3678 :ffiegtiun

228 3723 444 3785 recolo
475 3722 616 3784 sine
644 3721 892 3799 timore,
919 3729 986 3784 et
1021 3719 1306 3804 pristinae
1338 3719 1712 3804 cupiditatis
1742 3719 1881 3783 sine
1912 3717 2265 3800 cupiditate
2294 3737 2436 3779 sum
2452 3693 2675 3806 fflffimi

227 3842 512 3898 memor;
557 3821 904 3906 aliquando
933 3833 1000 3884 et
1027 3843 1062 3884 e
1094 3820 1410 3886 contrario
1442 3820 1761 3884 tristitiam
1799 3839 2009 3881 meam
2050 3824 2435 3880 transactam
2448 3836 2647 3931 gnomo-

225 3922 416 3984 laetus
442 3921 834 3999 reminiscor,
865 3928 932 3984 et
958 3920 1156 3986 tristis
1180 3920 1487 3986 laetitiam.
1572 3918 1764 3991 Quod
1792 3916 2151 3980 mirandum
2178 3936 2311 3978 non
2337 3923 2437 3990 est
2448 3899 2673 3999 ‘1233‘’

227 4022 310 4086 de
337 4044 640 4106 corpore:
687 4023 864 4087 aliud
891 4025 1064 4088 enim
1094 4025 1366 4100 animus,
1396 4023 1571 4087 aliud
1600 4041 1850 4104 corpus.
1927 4020 2158 4102 Itaque
2188 4017 2243 4079 si
2271 4037 2434 4100 prae·
2540 4033 2543 4037 ·

227 4124 488 4186 teritum
517 4123 807 4187 dolorem
833 4125 1118 4208 corporis
1147 4123 1438 4208 gaudens
1465 4122 1751 4199 memini,
1778 4141 1911 4183 non
1937 4120 2031 4180 ita
2057 4117 2289 4180 mirum
2318 4128 2432 4182 est.

225 4225 366 4288 Hic
395 4244 549 4288 vero
585 4246 734 4290 cum
773 4225 1024 4288 animus
1065 4225 1150 4288 sit
1187 4225 1380 4288 etiam
1420 4225 1567 4307 ipsa
1602 4220 1943 4284 memoria:
1988 4239 2139 4282 nam
2178 4226 2245 4281 et
2282 4239 2433 4281 cum

223 4325 612 4388 mandamus
642 4325 890 4410 aliquid
923 4333 999 4389 ut
1029 4324 1390 4388 memoriter
1414 4324 1751 4398 habeatur,
1766 4320 2077 4408 dicimus,
2106 4319 2146 4350 “
2164 4317 2333 4381 Vide
2360 4327 2435 4380 ut

224 4425 391 4489 illud
417 4426 491 4488 in
521 4427 736 4490 animo
765 4427 1006 4490 habeas
1025 4426 1080 4503 ;'’
1124 4435 1190 4488 et
1217 4445 1366 4490 cum
1395 4421 1850 4498 obliviscimur,
1881 4418 2177 4496 dicimus,
2204 4419 2245 4452 “
2278 4419 2433 4483 Non

1307 4541 1355 4584 N
