3042 5059
633 438 754 497 108
1179 431 1246 494 S.
1291 431 1809 497 AUGUSTINI
1854 432 2273 498 EPISCOPI

630 587 833 653 ambit
877 593 1071 671 atque
1115 584 1344 670 implet
1385 608 1480 650 ea.
1575 587 1711 651 Ubi
1758 608 1909 671 erge
1954 590 2217 667 malum,
2256 596 2321 652 et
2362 588 2557 666 unde,
2600 599 2669 653 et
2706 610 2842 673 qua

631 693 760 754 huc
807 688 1098 774 irrepsit?
1207 691 1368 762 Quae
1417 690 1607 754 radix
1654 689 1815 776 ejus,
1861 699 1928 755 et
1972 691 2150 777 quod
2198 712 2417 755 semen
2461 690 2639 776 ejus?
2732 693 2837 755 An

633 791 896 854 omnino
937 811 1072 853 non
1107 788 1240 853 est?
1313 791 1466 854 'Cur
1505 810 1661 873 ergo
1695 792 1994 857 timemus
2032 800 2099 856 et
2139 813 2441 856 cavemus
2484 792 2665 877 quod
2702 813 2835 854 non

633 891 768 956 est?
843 893 976 955 Aut
1003 892 1059 954 si
1087 891 1359 955 inaniter
1384 892 1707 969 timemus,
1733 902 1903 957 certe
1929 894 2033 957 vel
2061 893 2250 957 timor
2276 893 2419 977 ipse
2446 895 2691 957 malum
2718 902 2839 968 est,

527 982 532 987 ⁵
633 1016 764 1079 quo
791 993 1115 1058 incassum
1145 993 1504 1057 stimulatur
1540 1002 1608 1057 et
1643 995 2051 1059 excruciatur
2076 1015 2214 1058 cor:
2261 1002 2328 1057 et
2359 1001 2539 1057 tanto
2579 993 2836 1076 gravius

631 1097 891 1172 malum,
921 1101 1160 1180 quanto
1197 1114 1329 1156 non
1357 1102 1457 1157 est
1485 1094 1663 1179 quod
1703 1095 2055 1173 timeamus,
2084 1104 2150 1158 et
2176 1094 2490 1158 timemus.
2580 1093 2835 1157 Idcirco

565 1182 573 1201 ’
633 1203 746 1259 aut
771 1203 870 1259 est
896 1196 1136 1258 malum
1174 1193 1351 1279 quod
1383 1195 1703 1273 timemus,
1732 1203 1844 1259 aut
1873 1196 2001 1259 hoc
2034 1196 2277 1259 malum
2318 1202 2420 1259 est
2457 1195 2613 1279 quia
2652 1195 2834 1257 time-

631 1318 796 1359 mus.
884 1294 1078 1360 Unde
1104 1302 1204 1358 est
1227 1296 1442 1376 igitur,
1466 1296 1771 1380 quoniam
1800 1297 1982 1360 Deus
2008 1296 2163 1360 fecit
2185 1297 2330 1360 11ωο
2360 1296 2596 1373 omnia,
2624 1296 2837 1359 bonus

628 1395 839 1461 bona?
929 1395 1149 1480 Majus
1178 1396 1442 1480 quidem
1469 1406 1538 1461 et
1564 1419 1885 1461 summum
1915 1398 2159 1461 bonum
2185 1397 2436 1460 minora
2460 1396 2617 1460 fecit
2637 1396 2836 1474 bona,

631 1498 747 1562 sed
783 1506 999 1561 tamen
1039 1502 1106 1561 et
1142 1518 1366 1561 creans
1407 1506 1472 1561 et
1509 1505 1725 1563 creata
1766 1500 1943 1562 bona
1988 1505 2137 1561 sunt
2176 1497 2409 1561 omnia.
2502 1495 2697 1561 Unde
2738 1505 2838 1559 est

629 1596 905 1662 malum?
993 1599 1098 1660 An
1148 1596 1320 1661 unde
1368 1596 1522 1662 fecit
1568 1595 1709 1676 ea',
1753 1599 2049 1663 materies
2094 1598 2315 1681 aliqua
2358 1597 2529 1660 mala
2573 1604 2730 1673 erat,
2768 1604 2835 1660 et

629 1699 925 1763 formavit
951 1706 1144 1783 atque
1174 1696 1490 1761 ordinavit
1517 1720 1680 1776 eam,
1698 1698 1813 1763 sed
1840 1699 2101 1783 reliquit
2128 1697 2376 1782 aliquid
2402 1698 2473 1759 in
2498 1697 2635 1774 illa,
2658 1696 2833 1780 quod

628 1800 698 1862 in
724 1802 966 1863 bonum
993 1818 1126 1861 non
1151 1798 1581 1862 converteret?
1672 1800 1808 1863 Cur
1846 1807 1913 1863 et
1946 1799 2117 1863 hoc?
2208 1801 2313 1862 An
2348 1800 2673 1881 impotens
2700 1802 2837 1862 erat

629 1908 832 1963 totum
859 1908 1098 1963 vertere
1129 1909 1196 1963 et
1221 1908 1633 1978 commutare,
1660 1908 1734 1963 ut
1759 1900 1923 1963 nihil
1962 1900 2115 1963 mali
2158 1906 2533 1975 remaneret,
2562 1920 2711 1963 cum
2750 1899 2839 1963 sit

627 2000 1071 2085 omnipotens?
1181 2001 1535 2081 Postremo,
1578 2022 1692 2065 cur
1732 2001 1887 2065 inde
1930 2000 2177 2085 aliquid
2232 2001 2442 2065 facere
2484 2001 2712 2077 voluit,
2756 2022 2833 2063 ac

627 2104 760 2167 non
786 2106 1004 2187 potius
1033 2103 1255 2169 eadem
1299 2106 1763 2189 omnipotentia
1801 2106 1957 2170 fecit
1995 2113 2070 2169 ut
2104 2105 2284 2168 nulla
2321 2111 2493 2168 esset
2528 2102 2831 2166 omnino?

627 2207 758 2270 Aut
805 2227 954 2269 vero
999 2205 1273 2269 existere
1317 2215 1569 2290 poterat
1614 2216 1835 2272 contra
1882 2208 2021 2292 ejus
2070 2203 2501 2271 voluntatem?
2593 2206 2730 2268 Aut
2778 2206 2837 2268 si

629 2316 867 2372 aeterna
901 2315 1056 2384 erat,
1085 2329 1199 2371 cur
1231 2316 1364 2371 tam
1401 2307 1516 2371 diu
1554 2330 1669 2391 per
1702 2308 1961 2373 infinita
1990 2316 2157 2371 retro
2200 2307 2411 2391 spatia
2446 2314 2835 2389 temporum,

628 2409 722 2473 sic
753 2431 893 2472 eam
923 2409 1074 2471 sivit
1101 2430 1262 2486 esse,
1291 2430 1366 2473 ac
1397 2416 1577 2472 tanto
1606 2418 1756 2493 post
1782 2409 2029 2491 placuit
2055 2406 2306 2492 aliquid
2343 2429 2430 2471 ex
2468 2428 2547 2471 ea
2580 2406 2828 2471 facere?

625 2513 758 2575 Aut
792 2512 931 2597 jam
981 2512 1040 2575 si
1084 2512 1298 2575 subito
1349 2512 1600 2597 aliquid
1654 2513 1859 2576 voluit
1913 2532 2124 2593 agere,
2172 2512 2299 2574 hoc
2350 2510 2569 2594 potius
2615 2519 2837 2590 ageret

627 2613 1054 2697 omnipotens,
1093 2621 1167 2676 ut
1203 2613 1318 2677 illa
1351 2635 1486 2676 non
1528 2622 1720 2691 esset,
1760 2620 1953 2697 atque
1984 2613 2128 2696 ipse
2170 2612 2348 2675 solus
2390 2619 2561 2675 esset
2600 2617 2835 2687 totum,

621 2736 842 2777 verum
871 2720 936 2777 et
964 2735 1283 2776 summum
1310 2722 1376 2777 et
1401 2714 1726 2779 infinitum
1753 2717 2016 2778 bonum.
2089 2715 2223 2777 Aut
2252 2712 2308 2775 si
2335 2731 2469 2775 non
2498 2718 2637 2775 erat
2662 2712 2835 2773 bene

621 2822 696 2877 ut
721 2835 852 2877 non
882 2812 1128 2897 aliquid
1153 2815 1310 2877 boni
1337 2815 1530 2879 etiam
1556 2811 2035 2891 fabricaretur',
2052 2822 2120 2877 et
2145 2811 2449 2878 conderet
2476 2813 2591 2897 qui
2617 2813 2835 2876 bonus

623 2924 786 2993 erat3
845 2916 960 2979 illa
1003 2918 1253 2979 sublata
1294 2923 1360 2979 et
1401 2915 1486 2981 ad
1527 2916 1803 2979 nihilum
1858 2915 2117 2981 redacta
2158 2914 2422 2979 materia
2465 2934 2611 2997 quae
2662 2914 2836 2977 mala

623 3029 777 3095 erat,
802 3018 1042 3081 bonam
1078 3016 1220 3100 ipse
1256 3017 1617 3081 institueret
1654 3016 1827 3081 unde
1866 3018 2083 3081 omnia
2118 3026 2373 3081 crearet.
2463 3016 2621 3078 Non
2658 3015 2835 3077 0111111

580 3168 584 3173 .
623 3128 793 3183 esset
817 3119 1248 3201 omnipotens,
1279 3118 1335 3181 si
1363 3118 1637 3183 condere
1664 3139 1796 3180 11011
1824 3126 2047 3203 posset
2074 3115 2325 3201 aliquid
2353 3116 2535 3193 boni,
2562 3115 2695 3177 nisi
2736 3135 2834 3193 ea,

450 3925 542 3973 v1.

385 3989 575 4038 Mathe·
621 4024 635 4038 .

382 4053 578 4102 matico-

383 4133 486 4165 rum
508 4118 580 4166 di-

383 4182 511 4230 vina-

379 4248 530 4296 tiones

379 4311 542 4376 rejicit.

625 3240 816 3304 quam
843 3237 976 3280 11011
1002 3219 1144 3301 ipse
1174 3217 1566 3295 condiderat,
1596 3218 2003 3303 adjuvaretur
2026 3216 2309 3281 materia.
2396 3213 2587 3279 Talia
2614 3215 2832 3278 volve-

620 3321 772 3382 bam
799 3327 1058 3401 pectore
1085 3318 1338 3395 misero,
1353 3318 1754 3400 ingravidato
1784 3320 1954 3383 curis
1978 3316 2479 3382 mordacissimis
2498 3314 2580 3396 de
2600 3316 2831 3379 timore

622 3418 864 3496 morfiS,
904 3428 969 3481 et
1005 3437 1136 3481 non
1173 3420 1433 3482 inventa
1470 3420 1766 3484 veritate:
1824 3420 2135 3484 stabiliter
2174 3427 2388 3483 tamen
2424 3419 2717 3482 haerebat
2762 3419 2831 3481 in

624 3518 812 3584 corde
839 3540 1005 3595 meo,
1034 3520 1103 3581 in
1132 3519 1450 3583 catholica
1485 3520 1789 3583 Ecclesia
1826 3519 1990 3583 fides
2036 3520 2279 3585 Christi
2320 3520 2419 3581 tui
2454 3518 2727 3581 Domini
2766 3526 2833 3581 et

624 3621 970 3684 Salvatoris
996 3621 1226 3696 nostri5
1269 3621 1585 3683 in-multis
1617 3619 1879 3704 quidem
1908 3620 2119 3684 adhuc
2152 3620 2463 3699 informis,
2492 3626 2559 3681 et
2594 3626 2831 3701 praeter

623 3721 928 3785 doctrinae
968 3741 1254 3784 normam
1292 3721 1619 3797 fluitans*‚
1662 3720 1777 3785 sed
1814 3729 2029 3785 tamen
2068 3742 2201 3784 non
2238 3742 2381 3785 00111
2419 3720 2833 3804 relinquebat

623 3821 894 3898 animus,
919 3821 1052 3883 imo
1080 3821 1149 3883 in
1177 3820 1314 3885 dies
1343 3822 1550 3903 magis
1578 3822 1915 3906 magisque
1942 3822 2315 3885 imbibebat.

710 3926 768 3985 8.
833 3923 877 3986 J
879 3944 982 3987 am
1039 3922 1230 3985 etiam
1287 3922 1881 3987 mathematicorum
1947 3923 2211 3987 fallaces
2267 3921 2719 3999 divinationes,
2768 3932 2835 3986 et

617 4024 819 4107 impia
858 4023 1275 4088 deliramenta
1311 4023 1671 4109 rejeceram.
1764 4024 2209 4089 confiteantur
2256 4023 2450 4087 etiam
2498 4023 2657 4087 hinc
2702 4022 2831 4086 tibi

620 4125 700 4187 de
755 4125 996 4189 intimis
1043 4126 1393 4189 visceribus
1443 4125 1675 4188 animae
1734 4147 1893 4189 meae
1950 4124 2390 4188 miserationes
2437 4133 2590 4204 tuae,
2638 4124 2831 4187 Deus

618 4248 815 4289 meus,
905 4228 1008 4289 Tu
1035 4227 1228 4303 enim,
1256 4234 1328 4289 tu
1366 4226 1665 4303 omnin03
1722 4248 1872 4289 nam
1914 4226 2063 4310 quis
2100 4225 2265 4288 alius
2300 4247 2340 4288 a
2378 4234 2579 4290 morte
2614 4226 2831 4289 omnis

617 4329 842 4392 erroris
887 4337 1145 4393 revocat
1187 4350 1329 4406 nos,
1363 4328 1489 4391 nisi
1541 4327 1675 4391 vita
1723 4350 1869 4412 quae
1916 4328 2079 4392 mori
2127 4327 2358 4405 nescit,
2396 4336 2464 4391 et
2504 4328 2832 4421 sapientia

616 4437 861 4493 mentes
914 4429 1278 4511 indigentes
1333 4429 1726 4507 illuminans,
1782 4430 1961 4493 nullo
2018 4428 2319 4511 indigens
2375 4430 2641 4505 lumine,
2694 4448 2830 4512 qua

605 4527 892 4593 'mundus
935 4530 1408 4594 administratur
1447 4551 1653 4613 usque
1698 4529 1781 4594 ad
1826 4533 2121 4598 arborum
2162 4531 2441 4595 volatica
2480 4527 2681 4605 folia?
2755 4536 2829 4590 tu
