3042 5059
597 351 718 407 308

663 503 827 552 finiani
846 505 966 570 regis
985 515 1131 555 matre
1148 505 1329 555 Ariana
1349 505 1544 572 patitur,
1564 509 1674 561 155.

667 579 718 617 et
739 584 785 618 ιι.
835 569 1055 619 Excubat
1085 571 1220 646 plebs
1239 570 1288 618 in
1313 569 1526 646 licclesia
1556 572 1673 620 mori

667 641 1013 748 ἓέῗῖἑζὲῑ
1035 636 1203 748 ''³3:⁸⁶‘’
1229 638 1393 748 ...¹22
1451 637 1675 749 3233&

667 761 858 826 detegit,
906 765 972 813 ib.
1052 766 1264 830 synaxes
1313 766 1374 814 ad
1429 766 1675 815 memorias

665 827 934 892 Martyrum
987 827 1183 884 rohibet,
1205 829 1286 878 83.

601 890 917 940 Ambrosiam
1017 893 1169 949 silica,
1206 894 1312 942 156.
1382 894 1679 942 Ambrosiani

665 971 844 1012 versus,
871 957 977 1004 165.

601 1019 826 1070 Amicitia
861 1019 1010 1068 dulcis
1039 1029 1110 1068 est
1143 1029 1329 1084 propter
1359 1021 1585 1070 unitatem
1620 1023 1679 1071 de

666 1084 828 1133 multis
858 1083 1041 1140 animis,
1063 1086 1143 1133 22.
1204 1085 1316 1134 Νοιι
1349 1095 1420 1133 est
1445 1101 1558 1134 vera
1590 1086 1677 1136 nisi

663 1163 770 1197 eam
795 1149 931 1198 Deus
953 1148 1212 1212 adglutinet
1243 1151 1359 1198 inter
1381 1150 1428 1198 in
1451 1151 1681 1200 herentes

665 1213 782 1277 Ipsi,
804 1213 883 1261 49.
955 1213 1194 1262 Malorum
1230 1213 1436 1262 amicitia
1467 1214 1678 1271 inimica,

665 1279 746 1326 26.
813 1277 958 1326 Miser
991 1286 1062 1325 est
1099 1279 1250 1326 omnis
1285 1279 1473 1327 animus
1501 1279 1682 1328 vinctus

663 1341 870 1391 amicitia
890 1357 1040 1390 rerum
1065 1343 1352 1398 mortalium,
1374 1345 1451 1392 51.

601 1406 802 1455 Amicus
838 1413 908 1454 est
943 1408 1110 1455 beatus
1139 1407 1220 1470 qui
1261 1416 1389 1455 amat
1421 1409 1599 1461 Deum,
1632 1415 1681 1456 et

663 1470 865 1520 amicum
896 1469 946 1518 in
982 1471 1107 1527 Deo,
1137 1480 1186 1520 et
1214 1469 1458 1519 inimicum
1493 1480 1680 1536 propter

664 1535 844 1589 Deum,
867 1535 946 1583 50,
993 1535 1070 1582 Sol
1079 1551 1131 1583 us
1151 1535 1335 1583 nullum
1358 1551 1518 1584 carum
1542 1539 1677 1584 amit-

667 1600 739 1656 tit,
761 1599 837 1648 cui
857 1614 1020 1648 omnes
1037 1599 1088 1647 in
1111 1599 1193 1648 illo
1216 1600 1310 1648 cari
1330 1609 1456 1655 sunt,
1479 1601 1559 1662 qui
1582 1617 1676 1649 non

664 1663 906 1719 amittitur,
933 1662 998 1712 ib.
1057 1665 1189 1713 Bene
1215 1665 1438 1713 Horatius
1467 1664 1585 1712 dixit
1619 1666 1678 1715 de

664 1728 816 1777 amico
847 1743 949 1784 suo.
974 1734 1006 1755 “
1035 1729 1293 1778 Dimidium
1321 1733 1486 1778 unirnoe
1519 1730 1679 1783 meoe.”

598 1855 798 1906 Amicus
826 1849 972 1921 Aug'.
994 1855 1186 1921 quidam
1210 1857 1493 1912 carissimus,
1528 1873 1668 1920 quem

663 1921 712 1969 in
745 1921 1118 1970 Manichaeorum
1162 1922 1360 1972 haeresin
1401 1921 1671 1980 deflexerat,

661 1986 782 2034 febri
813 1993 1051 2048 correptus
1083 1994 1131 2034 et
1161 2003 1283 2051 pene
1321 1986 1554 2035 exanimis
1590 2003 1673 2036 ue·

661 2051 815 2099 sciens
856 2050 1132 2115 baptizatur.
1179 2052 1320 2116 (49.)
1369 2053 1487 2099 Mox
1523 2067 1675 2100 recre-

663 2122 785 2168 atus,
808 2113 974 2161 mirum
997 2113 1045 2161 in
1077 2115 1267 2164 modum
1301 2115 1457 2164 auimo
1481 2125 1678 2175 mutato,

661 2179 833 2243 Augu.
883 2177 1174 2242 Baptismum
1223 2196 1282 2228 ex
1333 2196 1460 2229 more
1489 2181 1677 2244 (Mani-

661 2242 899 2291 clmorum
924 2241 1032 2316 ρο.)
1069 2242 1332 2293 irridentem
1377 2244 1595 2293 exhorret
1629 2253 1679 2294 et

598 2306 1060 2421 Αιιΐιῖιζΐῖὴιεῖῗᾶιίο
1061 2343 1354 2421 laudantium
1386 2372 1676 2429 accenditur,

661 2438 741 2486 57.
810 2436 994 2503 pondus
1031 2445 1122 2494 est,
1163 2451 1258 2499 quo
1300 2436 1486 2486 animus
1527 2437 1673 2486 fertur

659 2515 959 2578 quocum-que
990 2500 1154 2558 fertur,
1175 2503 1290 2552 254.
1372 2501 1506 2551 Nihil
1542 2517 1670 2550 ama·

595 2580 878 2680 Ariani-⁸33.
895 2565 1309 2678 pussztzrtzhseffir
1331 2630 1465 2679 Deus
1485 2629 1576 2680 nisi
1596 2645 1677 2694 per

661 2694 885 2758 Spiritum
926 2702 1158 2748 sanctum,
1200 2695 1314 2744 252.
1356 2697 1468 2743 277.
1544 2696 1678 2744 Deus

662 2759 808 2806 amari
848 2773 898 2806 se
943 2756 1080 2820 jubet
1130 2758 1193 2805 ab
1239 2758 1444 2816 bomine,
1487 2765 1538 2806 et
1590 2759 1677 2807 nisi

660 2821 824 2879 saciat,
861 2822 1065 2870 minatur
1107 2821 1320 2886 ingentes
1361 2822 1585 2883 miserias,
1622 2826 1669 2872 3.

663 2886 842 2934 Omnia
859 2887 994 2936 nobis
1009 2886 1171 2934 dicunt
1193 2895 1244 2935 ut
1263 2888 1419 2935 Deum
1443 2903 1672 2941 amemus,

661 2965 752 3000 nec
794 2961 978 3000 cessant
1017 2951 1170 3000 dicere
1213 2952 1447 3008 omnibus,
1486 2961 1540 3000 ut
1581 2953 1675 3000 sint

658 3015 1020 3071 inexcusabiles,
1040 3017 1148 3066 171.
1187 3017 1298 3064 Νοιι
1313 3031 1559 3081 possumus
1578 3033 1675 3066 me·

660 3079 750 3133 tiri.
791 3090 842 3130 ut
881 3081 1083 3129 sciamus
1112 3093 1342 3145 quantum
1381 3082 1502 3129 desit
1541 3082 1676 3131 nobis

663 3144 833 3193 amoris
855 3145 915 3192 ad
934 3145 984 3192 id
1008 3146 1134 3209 quod
1153 3156 1224 3194 sat
1243 3155 1329 3202 est,
1347 3147 1464 3194 253.
1510 3147 1676 3194 Minus

664 3208 824 3258 Deum
868 3217 1012 3264 amat,
1058 3209 1141 3273 qui
1183 3226 1292 3258 cum
1340 3211 1447 3259 Deo
1495 3211 1673 3275 aliquid

661 3283 807 3329 amat,
829 3274 956 3338 quod
988 3289 1082 3321 non
1117 3284 1304 3339 propter
1337 3275 1494 3323 Deum
1532 3285 1675 3330 amat,

664 3338 773 3386 187.
835 3338 910 3386 lbi
930 3346 999 3386 est
1020 3338 1155 3387 locus
1175 3339 1348 3402 quietis
1369 3340 1675 3404 imperturba·

660 3401 769 3450 bilis
809 3404 888 3450 ubi
929 3419 1022 3450 non
1062 3404 1288 3452 deseritur
1333 3419 1463 3453 amor
1505 3405 1547 3454 si
1577 3406 1675 3472 ipse

658 3481 752 3514 non
776 3467 974 3519 deserat,
997 3469 1075 3516 54.

595 3528 636 3578 A
647 3546 746 3578 mor
762 3531 833 3578 sui
855 3531 1107 3594 improbus.
1160 3530 1259 3578 Sibi
1277 3531 1531 3592 placentes,
1548 3533 1670 3582 mul-

662 3603 762 3641 tum
789 3596 894 3642 Deo
916 3595 1184 3658 displicent,
1209 3597 1321 3642 200.

596 3655 746 3706 Amor
781 3656 990 3722 proximi.
1066 3657 1115 3704 Si
1155 3656 1345 3719 placent
1385 3658 1576 3714 animm.
1622 3661 1670 3708 in

664 3723 772 3770 Deo
809 3731 1040 3778 amentur,
1081 3730 1129 3768 et
1167 3721 1225 3768 ad
1262 3737 1370 3770 eum
1407 3723 1666 3786 rapiantur,

596 3851 746 3900 Amor
761 3849 941 3899 mundi.
974 3851 1149 3898 Amore
1172 3850 1435 3898 subduntur
1455 3850 1668 3901 homines

661 3915 902 3969 creaturis,
924 3923 971 3964 et
994 3913 1168 3962 subditi
1195 3915 1410 3978 judicare
1443 3931 1537 3963 non
1563 3933 1667 3980 pos·

661 3989 787 4034 sunt,
828 3981 935 4029 172.
981 3979 1150 4028 Amari
1180 3989 1229 4027 et
1261 3978 1410 4028 timeri
1449 3980 1570 4030 velle
1606 3982 1668 4031 ab

661 4044 930 4093 hominibus
953 4061 1046 4093 non
1077 4052 1262 4108 propter
1299 4044 1475 4103 Deum,
1497 4046 1669 4095 misera

662 4109 758 4157 vita
779 4119 849 4156 est
871 4118 920 4158 et
940 4109 1066 4157 foeda
1091 4107 1336 4170 jactantia,
1362 4111 1469 4158 197.

597 4173 1011 4237 Amphitheatrum
1032 4174 1244 4222 ludorum
1267 4172 1664 4236 gladiatoriarum,

594 4302 914 4351 Anaximenes
957 4316 1110 4348 aerem
1153 4298 1315 4346 Deum
1357 4315 1456 4348 esse
1496 4301 1658 4361 credit,

594 4431 772 4493 Angeli
813 4435 980 4478 natura
1017 4427 1285 4488 mutabiles,
1317 4428 1436 4491 230,
1469 4431 1585 4489 234,
1610 4447 1657 4481 ιι.

1542 347 1865 410 INDEX.

1738 508 1819 555 Au
1876 504 1912 554 li
1932 504 2061 554 beati
2080 506 2302 556 dicuntur
2322 506 2516 556 Coelum
2536 505 2667 564 eoeli,
2692 507 2812 555 231.

1856 585 1991 618 ornus
2012 570 2123 629 Dei,
2142 571 2205 621 ib.
2221 571 2334 620 234.
2374 571 2620 634 Sapientia
2631 579 2814 628 creata,

1800 635 1913 684 234.
1956 635 2102 682 Curia
2122 635 2328 684 coelestis
2350 634 2672 700 Imperatoris,
2702 637 2814 683 123.

1800 698 2007 747 coelestis
2026 699 2208 759 militia,
2224 701 2286 749 ib.
2332 701 2443 748 Non
2464 709 2574 748 sunt
2594 700 2819 747 coeterni

1803 763 1930 819 Deo,
1970 779 2058 812 uec
2096 772 2254 813 tamen
2284 763 2409 826 passi
2446 763 2817 812 vicissitudinem

1800 830 2206 890 temporum,230.
2262 830 2521 892 Nunquam
2542 837 2660 876 sunt
2682 843 2818 893 pere·

1809 892 1999 954 grinati,
2033 894 2113 941 sed
2152 893 2217 941 ita
2257 893 2439 942 formati
2473 901 2527 939 ut
2569 892 2670 940 sine
2715 893 2817 941 ullo

1806 955 1992 1005 defectu
2024 957 2442 1022 contemplationis,
2474 957 2577 1004 sine
2608 957 2709 1004 ullo
2744 956 2817 1004 in·

1808 1021 2001 1069 tervallo
2040 1022 2327 1077 mutationis,
2359 1023 2616 1070 eternitate
2652 1031 2704 1070 et
2744 1021 2818 1068 in-

1804 1086 2223 1135 commutabilitate
2245 1086 2340 1136 Dei
2362 1087 2678 1150 perfruantur,
2696 1087 2813 1134 231.

1807 1149 2099 1214 Angelorum
2119 1151 2289 1209 codex,
2308 1152 2421 1199 260.

1748 1213 1920 1261 Anima
1958 1216 2079 1264 sicut
2116 1231 2167 1264 se
2208 1216 2476 1264 illuminare
2518 1214 2579 1261 de
2621 1228 2672 1260 se
2720 1227 2815 1260 non

1810 1287 1979 1342 potest,
2000 1281 2066 1328 ita
2088 1295 2137 1328 se
2158 1281 2329 1329 satiare
2356 1281 2415 1329 de
2436 1295 2488 1326 se
2512 1293 2607 1326 non
2642 1285 2819 1342 potest,

1743 1405 1930 1455 Animae
1969 1416 2165 1458 mortue
2199 1415 2355 1458 motus
2385 1415 2498 1460 tres,
2528 1405 2679 1453 fastus
2714 1405 2813 1452 ela·

1807 1473 1961 1528 tioniS,
2002 1473 2248 1521 delectatio
2301 1471 2526 1524 libidinis,
2575 1485 2814 1517 venenum

1804 1535 2099 1596 curiositatis,
2137 1539 2252 1586 267.
2330 1538 2401 1585 Ea
2456 1534 2647 1609 vitando
2699 1533 2821 1581 vivit

1742 1599 2821 1778 Αὲἰζῒῗζιὸἓΐρῖἕῧῗζέἒ.ῗ,’.ῗίἑ“;;,ὲῖ,;...

1805 1738 1891 1785 est.
2013 1766 2026 1779 .

1744 1794 1945 1844 Animus
1964 1795 2167 1860 imperat
2194 1793 2390 1860 corpori,
2410 1802 2459 1842 et
2488 1801 2683 1858 paretur
2715 1799 2813 1838 sta-

1800 1859 1911 1906 tim:
1957 1859 2155 1922 imperat
2188 1859 2293 1915 sibi,
2328 1867 2374 1906 et
2414 1858 2660 1913 resistitur,
2700 1857 2813 1903 139.

1805 1923 2054 1984 AEgritudo
2097 1923 2201 1972 haec
2242 1923 2386 1970 animi
2428 1933 2517 1980 est,
2555 1922 2674 1984 quia
2720 1936 2813 1967 non

1802 1995 1925 2036 totus
1986 1987 2185 2050 assurgit
2250 1988 2439 2035 veritate
2512 1986 2814 2042 sublevatus,

1803 2053 2135 2100 consuetudine
2164 2060 2498 2118 praegravatus,
2520 2051 2586 2100 ib.
2646 2049 2813 2098 Animi

1760 2145 1773 2156 ν
1807 2117 2174 2181 perturbationes
2224 2126 2442 2180 quatuor,
2501 2117 2613 2164 178.
2691 2114 2813 2162 Inde

1741 2181 2365 2295 ΔέιξῖἱἭέῑΡέΞέζῖἓῗὲξὶἳ
2382 2179 2813 2294 ’ἒῗὲἲῗΐὲῖῗὲωι

1808 2308 1904 2358 Dei
1928 2325 2049 2359 unus
2068 2310 2183 2366 dies,
2208 2313 2254 2360 5.

1741 2371 2021 2424 Aru-ornus
2044 2375 2301 2441 AEgyptius
2323 2372 2603 2428 monachus,
2630 2372 2741 2421 134.
2764 2379 2815 2419 et

1803 2453 1849 2487 n.
1899 2437 1977 2486 Ad
2002 2440 2159 2488 Deum
2188 2454 2439 2488 conversus
2468 2437 2630 2486 audita
2662 2451 2811 2484 evan-

1798 2501 1948 2565 gelica
1972 2519 2100 2559 voce,
2122 2505 2197 2568 (S.
2214 2507 2353 2552 Matt.
2383 2501 2589 2566 19,21.)
2616 2507 2648 2530 ‘⁸
2675 2501 2811 2557 Vade,

1800 2567 1989 2621 vende,''
2031 2570 2139 2619 143.
2204 2570 2279 2616 Ex
2312 2567 2413 2631 ejus
2450 2567 2559 2614 vitae
2606 2566 2810 2614 lectione

1804 2640 2139 2682 convertuntur
2157 2634 2252 2682 duo
2270 2631 2451 2689 Aulioi,
2477 2633 2590 2681 135.

1742 2693 1947 2752 Anubis,
1975 2699 2080 2747 127.

1740 2759 2183 2822 Apollinaristarum
2204 2776 2333 2810 error
2365 2761 2426 2809 de
2456 2757 2669 2812 Christo,
2696 2759 2806 2807 121.

1800 2833 1848 2872 et
1870 2841 1915 2873 n.

1742 2887 1954 2953 Apostoli
1979 2889 2245 2938 Luminaria
2268 2886 2448 2947 mundi,
2468 2887 2603 2954 ignes
2637 2890 2807 2945 sancti,

1800 2961 1848 3000 et
1868 2953 2041 3009 decori,
2064 2956 2175 3004 264.

1737 3017 1990 3081 Appetitus
2032 3026 2082 3068 et
2123 3025 2290 3076 metus,
2323 3016 2585 3067 facinorum
2632 3032 2805 3074 causae.

1740 3146 1923 3211 Aptum
1946 3153 1993 3194 et
2014 3145 2283 3210 pulchrum.
2306 3146 2439 3204 quid,
2462 3147 2543 3194 58.

1744 3217 1757 3238 ‘
1783 3211 1936 3274 Aquae
1960 3225 2099 3274 super
2121 3211 2481 3259 firmamentum’
2508 3210 2701 3258 nomine
2726 3225 2807 3258 an-

1806 3274 1899 3336 geli
1920 3274 2166 3334 intellecti,
2182 3277 2293 3324 259.
2333 3275 2433 3323 Cur
2456 3275 2583 3322 solus
2608 3275 2807 3339 Spiritus

1806 3346 2011 3397 sanctus,
2056 3355 2150 3387 ιιοιι
2193 3355 2301 3388 vero
2358 3340 2500 3387 Pater
2542 3348 2592 3388 et
2638 3339 2806 3396 Filius,

1802 3403 1976 3451 feratur
1992 3419 2131 3467 super
2154 3419 2317 3465 aquas,
2338 3405 2451 3452 254.

1737 3468 2000 3517 Aristotelis
2018 3468 2178 3516 decem
2202 3467 2485 3529 Categoriae,
2510 3467 2590 3516 60.

1736 3532 2089 3594 Astrologorum
2114 3548 2248 3581 vanae
2265 3533 2594 3587 duvinationes,
2620 3533 2701 3590 47,
2728 3534 2804 3587 48,

1738 3661 2079 3710 ΑτιιΛκΑειυε
2137 3660 2488 3710 Alexandrinus
2542 3661 2801 3725 episcopus.

1796 3726 1983 3788 qualem
2006 3725 2053 3773 in
2076 3725 2265 3790 psalmis
2296 3735 2484 3773 cantum
2520 3724 2803 3791 probaverit,

1734 3853 1964 3910 Avaritia,
1984 3855 2069 3910 38,
2090 3870 2137 3904 ιι.

1734 3919 1983 3967 Auditores
2018 3917 2419 3974 Manichaeorum,
2450 3919 2531 3974 31,
2556 3933 2603 3965 ιι.
2651 3919 2732 3973 41,
2754 3933 2797 3965 ιι.

1796 3985 1881 4036 4-5.
1906 3997 1952 4029 ιι.
1979 3984 2059 4030 74.

1733 4047 2099 4096 Αυουετιιωε.

1860 4112 1999 4158 Ortus
2020 4114 2116 4172 eju:
2142 4109 2349 4172 Infantia
2370 4119 2413 4156 et
2434 4111 2669 4157 Pueritia-

1859 4176 2015 4224 Natus
2054 4183 2125 4222 est
2163 4175 2401 4238 Thagaste
2436 4174 2699 4240 municipio
2736 4173 2801 4220 A·

1796 4237 1939 4298 fricae,
1955 4240 2037 4294 49,
2056 4240 2137 4289 52.
2156 4241 2235 4287 20.
2262 4240 2417 4286 idibus
2434 4239 2800 4295 Novembribus,

1797 4302 1902 4359 149,
1942 4320 1988 4352 ιι.
2070 4305 2295 4352 Parentes
2337 4303 2439 4368 ejus
2479 4302 2719 4352 Patricius
2756 4313 2801 4350 et

1792 4368 2040 4421 Monnica,
2066 4369 2171 4417 167.

1854 4432 2080 4491 Infantia,
2126 4431 2268 4482 4-7,
2355 4431 2577 4487 Pueritia,
2625 4432 2794 4479 7-17,

1790 4496 1869 4547 Ab
1955 4506 2087 4547 utero
2170 4496 2332 4546 matris
2408 4498 2456 4545 in
2536 4496 2798 4546 Christiana
