3042 5059
352 1491 354 1493 v
440 1437 520 1485 1³.

680 402 764 461 42
1232 396 1297 459 s.
1341 392 1861 459 AUGUSTINI
1906 390 2325 457 EPISCOPI
3012 358 3014 485 ff

679 550 940 635 capitali
997 550 1319 633 supplicio
1375 549 1739 614 damnanda
1785 548 2085 613 buccella
2138 546 2477 622 videretur,
2536 548 2590 611 si
2648 546 2713 611 ei
2778 546 2887 611 da-

499 766 594 814 Χῖ.
675 661 867 817 tetigi
912 755 1005 817 Et
1043 755 1282 817 mieieti
1317 774 1587 817 manum
1629 761 1813 817 tuam
1854 774 1943 817 ex
1982 754 2139 829 alto,
2169 761 2235 816 et
2274 750 2357 841 de
2399 752 2525 815 hac
2564 750 2891 835 profunda

442 830 612 879 ωηο·
675 855 948 937 caligine
978 856 1205 918 misti
1232 857 1525 917 animam
1554 875 1788 930 meam,
1818 876 1964 919 cum
1991 876 2111 937 pro
2138 876 2241 916 me
2272 854 2453 916 fleret
2480 852 2565 916 ad
2592 861 2659 915 te
2688 860 2890 915 mater

439 901 583 1005 3:¹⁵¹?
674 978 818 1020 mea
857 956 1068 1019 fidelis
1109 965 1240 1032 tua,
1272 956 1549 1041 amplius
1592 978 1784 1041 quam
1828 958 1985 1020 flent
2024 965 2255 1019 matres
2298 973 2605 1037 corporea
2642 954 2885 1017 funera.

437 1038 600 1135 ἓξὲξ,
677 1056 955 1120 Videbat
1004 1057 1175 1119 enim
1225 1058 1338 1120 illa
1385 1065 1654 1120 mortem
1705 1078 1913 1120 meam
1965 1078 2049 1119 ex
2100 1055 2229 1119 fide
2280 1065 2345 1118 et
2395 1055 2645 1138 spiritu,
2694 1076 2888 1139 quem

437 1152 498 1199 de
519 1152 632 1199 ⁶¹³⁰·
675 1158 960 1221 habebat
1002 1178 1086 1220 ex
1130 1164 1232 1233 te,
1284 1168 1348 1222 et
1386 1158 1709 1223 exaudisti
1747 1179 1910 1236 eam,
1941 1158 2241 1222 Domine.
2332 1155 2685 1221 Exaudisti
2724 1178 2888 1233 eam,

438 1230 525 1343 Poa.
548 1230 658 1287 143,
676 1282 795 1324 nec
826 1260 1181 1342 despexisti
1211 1260 1527 1343 lacrymas
1556 1261 1714 1344 ejus,
1746 1282 1893 1323 cum
1922 1260 2311 1343 profluentes
2336 1258 2618 1340 rigarent
2656 1267 2888 1321 terram

438 1372 520 1421 Ps.
548 1373 629 1431 85.
677 1367 796 1428 sub
839 1364 1044 1427 oculis
1089 1363 1246 1447 ejus,
1274 1364 1344 1425 in
1389 1363 1563 1428 omni
1605 1365 1750 1429 loco
1795 1363 2101 1429 orationis
2144 1361 2314 1447 ejus;
2360 1362 2685 1427 exaudisti
2724 1383 2885 1425 eam.

677 1468 849 1529 Nam
889 1464 1060 1527 unde
1099 1448 1263 1527 illud
1305 1466 1645 1544 somnium,
1677 1486 1807 1549 quo
1849 1486 1990 1527 eam
2034 1465 2401 1529 consolatus
2443 1486 2532 1543 es,
2560 1472 2635 1527 ut
2672 1464 2887 1527 vivere

675 1587 778 1631 me
820 1564 1242 1629 concederet*
1273 1572 1339 1629 et
1377 1566 1616 1629 habere
1658 1587 1877 1629 secum
1916 1565 2207 1629 eamdem
2238 1586 2525 1629 mensam
2552 1566 2623 1627 in
2652 1564 2885 1641 domo;

676 1666 852 1751 quod
877 1668 1049 1729 nolle
1081 1674 1382 1749 coeperat,
1413 1687 1712 1730 aversans
1740 1676 1805 1730 et
1845 1666 2165 1731 detestans
2191 1666 2628 1749 blasphemias
2658 1667 2885 1731 erroris

673 1768 842 1833 mei?
933 1767 1116 1831 Vidit
1161 1768 1334 1831 enim
1385 1775 1657 1831 stantem
1708 1788 1775 1829 se
1825 1769 1896 1829 in
1949 1766 2225 1851 quadam
2274 1768 2496 1849 regula
2542 1767 2784 1849 lignea,
2826 1776 2887 1829 et

673 1868 1116 1934 advenientem
1155 1867 1239 1930 ad
1279 1889 1346 1930 se
1376 1868 1685 1951 juvenem
1723 1867 2151 1950 splendidum,
2181 1868 2449 1931 hilarem
2492 1876 2689 1952 atque
2734 1868 2883 1931 arri-

673 1969 928 2033 dentem
959 1968 1105 2045 sibi,
1137 1988 1284 2031 cum
1317 1968 1432 2030 ina
1471 1976 1641 2031 esset
1679 1989 1953 2031 moerens
1988 1975 2054 2031 et
2092 1989 2360 2031 moerore
2390 1970 2725 2033 confecta:
2776 1971 2883 2053 qui

675 2092 821 2132 cum
865 2090 1091 2133 causas
1124 2068 1460 2152 quaesisset
1500 2070 1583 2132 ab
1613 2090 1691 2132 ea
1717 2068 2039 2132 moestitiae
2072 2090 2204 2132 suae
2237 2068 2883 2153 quotidianarumque

671 2171 1117 2255 lacrymamm,
1158 2167 1455 2245 docendi,
1495 2177 1572 2231 ut
1614 2170 1869 2246 assolet,
1909 2191 2041 2231 non
2087 2168 2377 2233 discendi
2424 2170 2650 2253 gratia,
2693 2179 2883 2255 atque

673 2272 788 2335 illa
837 2270 1277 2354 respondisset
1331 2270 1755 2353 perditionem
1811 2292 2019 2333 meam
2076 2293 2145 2334 se
2202 2272 2551 2353 plangere,
2610 2272 2883 2357 jussisse

669 2373 855 2437 illum
905 2393 1035 2455 quo
1090 2392 1312 2434 secura
1361 2379 1551 2448 esset,
1594 2380 1786 2455 atque
1838 2370 2247 2435 admonuisse
2297 2380 2371 2435 ut
2420 2372 2778 2436 attenderet
2826 2383 2887 2437 et

672 2472 932 2551 videret,
960 2472 1074 2535 ubi
1104 2480 1274 2535 esset
1306 2473 1440 2549 illa,
1468 2473 1564 2536 ibi
1594 2494 1735 2536 esse
1766 2483 1831 2537 et
1865 2495 1986 2537 me.
2076 2474 2267 2547 Quod
2293 2475 2409 2539 illa
2438 2476 2551 2538 ubi
2585 2477 2879 2555 attendit,
3024 2525 3026 2577 1

672 2572 835 2636 vidit
872 2595 974 2636 me
1006 2574 1200 2659 juxta
1241 2594 1308 2636 se
1349 2574 1421 2636 in
1455 2573 1681 2638 eadem
1712 2576 1935 2655 regula
1967 2582 2257 2639 stantem.
2352 2576 2545 2641 Unde
2578 2578 2732 2656 hoc,
2761 2578 2884 2641 nisi

675 2674 828 2756 quia
855 2680 1033 2737 erant
1061 2695 1244 2737 aures
1272 2682 1400 2737 tuae
1430 2673 1514 2737 ad
1544 2696 1653 2736 cor
1681 2673 1858 2758 ejus?
1921 2677 1978 2738 O
2008 2684 2102 2753 tu,
2120 2679 2292 2740 bone
2320 2677 2753 2763 onmipotenS,
2778 2681 2884 2765 qui

675 2775 768 2837 sic
812 2796 996 2839 curas
1037 2796 1557 2860 unumquemque
1600 2782 1909 2854 nostrum,
1948 2786 2253 2862 tanquam
2298 2780 2507 2843 solum
2550 2803 2779 2859 cures3
2824 2792 2886 2847 et

675 2878 768 2939 sic
805 2899 1047 2955 omnes,
1077 2886 1386 2962 tanquam
1416 2877 1735 2961 singulos!

759 2984 863 3041 20.
913 2979 1106 3043 Unde
1125 2978 1290 3043 illud
1308 2982 1520 3057 etiam,
1536 2980 1711 3065 quod
1733 3002 1879 3043 cum
1901 2983 2061 3044 mihi
2082 2992 2401 3046 narrasset
2417 2985 2634 3067 ipsum
2654 2987 2887 3065 visum,

673 3090 738 3145 et
770 3102 890 3163 ego
925 3081 1009 3145 ad
1041 3081 1112 3144 id
1144 3084 1392 3147 trahere
1430 3106 1714 3161 conarer,
1745 3093 1819 3148 ut
1854 3084 1969 3149 illa
2008 3107 2075 3149 se
2108 3086 2325 3167 potius
2360 3109 2489 3151 non
2525 3088 2891 3173 desperaret

671 3183 946 3245 futuram
999 3204 1138 3246 esse
1188 3184 1365 3267 quod
1413 3206 1623 3261 eram3
1676 3186 1979 3249 continuo
2026 3186 2163 3250 sine
2207 3188 2426 3273 aliqua
2466 3190 2889 3272 haesitatione,

674 3284 712 3315 “
747 3284 920 3361 Non,
949 3284 1194 3368 inquit:
1241 3307 1373 3349 non
1409 3287 1581 3349 enim
1618 3287 1779 3349 mihi
1809 3288 2051 3351 dictum
2080 3300 2198 3368 est,
2232 3292 2369 3355 Ubi
2396 3292 2529 3369 ille,
2559 3294 2657 3357 ibi
2686 3303 2755 3357 et
2784 3304 2888 3372 tu3

673 3384 714 3417 ‘⁴
744 3382 878 3461 sed,
911 3384 1045 3447 Ubi
1075 3394 1166 3463 tu,
1186 3385 1281 3448 ibi
1311 3393 1377 3449 et
1403 3386 1573 3449 ille.”
1663 3387 1989 3451 Confiteor
2018 3389 2155 3470 tibi,
2178 3392 2479 3473 Domine,
2501 3393 2888 3459 recordatio-

669 3504 818 3545 nem
847 3505 1056 3548 meam
1086 3495 1396 3568 quantum
1424 3489 1660 3565 recolo,
1684 3488 1858 3571 quod
1888 3511 2060 3572 saepe
2088 3513 2221 3555 non
2251 3494 2445 3572 tacui,
2476 3496 2759 3578 amplius
2788 3517 2890 3559 me

673 3583 796 3645 isto
845 3604 961 3665 per
1006 3593 1270 3648 matrem
1320 3588 1695 3669 vigilantem
1745 3610 2051 3671 responso
2096 3600 2229 3672 tuo,
2272 3594 2447 3678 quod
2500 3602 2632 3661 tam
2674 3598 2893 3661 vicina

674 3678 1216 3767 interpretationis
1264 3688 1540 3752 falsitate
1598 3691 1853 3754 turbata
1909 3713 2039 3755 non
2090 3704 2208 3771 est,
2252 3703 2319 3757 et
2364 3704 2495 3759 tam
2547 3698 2679 3761 cito
2729 3698 2895 3762 vidit

681 3786 855 3871 quod
883 3787 1230 3853 videndum
1267 3792 1410 3870 fuit,
1440 3793 1616 3877 quod
1656 3816 1779 3875 ego
1824 3802 2015 3872 certe,
2047 3805 2392 3882 antequam
2434 3799 2729 3879 dixisset,
2760 3824 2893 3865 non

681 3989 895 4039 arguam,
915 3978 1232 4027 crudelitatem
1259 3994 1320 4028 au
1342 3980 1641 4029 vecordiam‘!
1675 3982 1751 4030 Ib.
1818 3980 1929 4029 facit
1970 3997 2130 4031 verum
2175 3982 2474 4034 homicidium
2528 3986 2576 4034 in
2633 3986 2895 4037 hominem.

681 4053 724 4087 c.
753 4042 829 4087 16.
898 4042 1079 4089 Panem
1107 4044 1384 4093 mendicanti
1407 4061 1500 4093 non
1523 4046 1747 4111 porrigit:
1820 4044 1949 4106 Aug.
1985 4046 2033 4094 in
2081 4046 2159 4095 Pa.
2205 4050 2309 4098 140.
2351 4051 2391 4112 §.
2434 4052 2506 4098 11.
2574 4052 2717 4118 Παρὰ
2758 4062 2893 4101 Man·

679 4104 867 4167 quaeris,
907 4110 1084 4169 quare'!
1151 4109 1228 4157 Ne
1268 4109 1409 4157 vitam
1449 4126 1559 4174 quae
1592 4120 1662 4159 ωε
1705 4110 1755 4157 in
1820 4110 1970 4171 χαίοις
2008 4110 2128 4164 ἵλαος
2169 4114 2414 4169 abtim„
2452 4116 2585 4164 ἀλλὰ
2623 4118 2707 4165 καὶ
2741 4118 2895 4184 ἰχθύν

682 4182 822 4231 pane.
845 4185 987 4233 quam
1022 4172 1184 4219 dicunt
1213 4175 1475 4223 membrum
1502 4174 1616 4232 Dei,
1643 4176 1755 4224 sub·
1821 4176 1930 4226 icc-c.
1955 4194 2025 4224 τι
2048 4177 2063 4196 ’
2085 4178 2253 4232 αὐτοῖς,
2273 4178 2326 4227 τὶ
2350 4181 2479 4228 laub
2502 4180 2691 4233 rime-a.
2740 4184 2893 4230 Atha-

679 4231 898 4280 stantiam
922 4233 1146 4294 divinam,
1169 4238 1410 4287 mendicus
1431 4238 1510 4286 ille
1535 4239 1752 4304 accipiat,
1820 4240 1975 4288 nasius
2050 4240 2122 4289 ist.
2144 4243 2203 4291 de
2227 4244 2389 4292 Arian.
2412 4246 2471 4292 ad
2492 4246 2720 4293 Monacb.
2744 4262 2790 4294 c.
2808 4248 2887 4295 61.

679 4303 728 4343 et
759 4295 870 4359 liget
902 4312 1004 4345 eam
1043 4298 1094 4346 in
1134 4316 1291 4349 carne.
1377 4304 1502 4377 Ergo
1535 4304 1751 4351 buccella
1821 4304 1905 4355 Th·
1934 4302 1976 4353 31
2004 4306 2061 4358 εἷς
2098 4307 2197 4360 τοὺς
2222 4308 2415 4362 πίνης-ας
2439 4310 2659 4371 ’γινομένην
2694 4309 2889 4369 διαβάλ-

681 4374 740 4407 116
759 4361 1164 4422 detur.mendico,
1186 4373 1232 4413 et
1269 4366 1418 4430 ploret
1449 4383 1498 4414 m
1532 4367 1750 4416 buccella
1818 4380 1941 4417 λουσι
1983 4373 2325 4439 φιλανθρωπίαν,
2375 4377 2453 4429 τῆς
2504 4374 2616 4428 ὅλης
2663 4374 2769 4425 ulma
2814 4376 2891 4424 λί-

679 4424 942 4473 membrum
969 4427 1079 4480 Dei.
1101 4429 1344 4478 mendicus
1359 4429 1482 4479 fame
1502 4431 1751 4481 moriturus
1818 4454 1970 4497 ›yon-u
2003 4436 2248 4505 θεραπηίη.
2282 4438 2563 4489 Theodoret.
2601 4438 2733 4489 Hoer.
2772 4440 2892 4490 Fab.

679 4490 786 4535 est'!
842 4490 983 4541 Falsa
1023 4491 1337 4541 misericordia
1375 4494 1423 4543 in
1461 4496 1748 4554 buccellam,
1816 4498 1849 4546 l.
1874 4501 1956 4549 26.
