3042 5059
616 371 738 426 304

619 524 838 576 XXXII.
873 524 939 572 Ut
963 535 1014 571 se
1047 520 1168 585 gerit
1202 522 1264 570 ad
1295 519 1490 570 odorum
1523 520 1684 569 illece-

616 591 871 768 ΧῙΞΞΞΙΙ.
906 653 974 701 Ut
993 667 1046 700 se
1067 650 1186 717 gerit
1215 649 1277 698 ad
1305 649 1575 714 voluptates
1592 586 1685 762 Ξῖ

617 784 860 898 Χξξξν.
896 782 965 832 Ut
981 795 1031 830 se
1047 783 1164 846 gerit
1178 780 1240 830 ad
1255 779 1497 829 oculorum
1520 779 1685 894 ιἸΙιῖοΘοδ-

615 913 827 962 XXXV.
864 911 932 961 Ut
951 925 1001 960 se
1023 910 1167 959 habet
1197 910 1258 958 ad
1287 908 1551 958 secundum
1579 917 1682 958 ten-

677 975 868 1026 tationis
900 989 1066 1040 genus,
1101 973 1229 1038 quod
1271 981 1344 1022 est
1382 972 1683 1085 curiositaita.

612 1103 856 1155 XXXVI.
889 1103 957 1152 Ut
975 1119 1027 1152 se
1046 1103 1192 1151 habet
1221 1101 1285 1151 ad
1311 1100 1500 1150 tertium
1528 1109 1680 1152 tenta-

610 1167 998 1284 &watra
1014 1167 1236 1281 322¹.ss
1253 1166 1503 1281 ῗὲξὲἷξίῗ
1508 1167 1681 1280 baffi?

671 1299 762 1348 nis.
1586 1297 1679 1346 198

610 1362 913 1413 XXXVIII.
948 1361 1014 1410 Et
1041 1360 1194 1410 virtuti
1219 1359 1478 1426 periculum
1508 1375 1539 1408 a
1557 1375 1681 1409 vana

672 1427 842 1492 gloria.
1581 1426 1680 1474 200

607 1492 852 1542 XXXIX.
888 1489 1076 1541 Amoris
1106 1489 1280 1557 proprii
1313 1489 1382 1538 vis
1412 1496 1463 1539 et
1493 1495 1679 1538 natura.

609 1622 719 1671 XL.
753 1619 934 1680 Quod
921 1636 968 1668 ιιι
997 1633 1050 1670 se
1074 1627 1124 1668 et
1154 1617 1335 1668 ceteris
1354 1619 1493 1668 rebus
1514 1618 1675 1668 Deum

669 1685 976 1746 investigavit.
1608 1687 1674 1731 id.

607 1751 746 1799 XLI.
776 1750 971 1817 Triplex
991 1749 1236 1825 cupiditas.
1576 1749 1673 1798 201

609 1816 778 1864 XLII.
811 1814 1047 1864 Nonnulli
1085 1814 1148 1863 ad
1179 1813 1416 1862 demones
1446 1819 1677 1874 tanquam

668 1879 897 1928 redeundi
927 1879 988 1928 ad
1031 1879 1193 1928 Deum
1221 1878 1496 1927 mediatores
1521 1875 1675 1925 infeli-

667 1943 782 1992 citer
803 1951 1114 1993 recurrerunt.
1608 1944 1673 1990 id.

604 2008 800 2056 XLIII.
836 2007 1051 2058 Christus
1068 2022 1206 2058 verus
1227 2005 1465 2057 mediator
1574 2006 1673 2054 202

791 2203 1006 2253 LIBER
1046 2201 1487 2252 UNDECIMUS.

600 2307 644 2355 Ι.
679 2307 780 2357 Cur
799 2307 1075 2356 confitemur
1094 2309 1202 2355 Deo
1223 2305 1408 2354 scienti.
1572 2306 1673 2353 205

599 2372 675 2420 11.
715 2371 840 2421 Petit
859 2386 888 2419 a
911 2372 1018 2420 Deo
1040 2372 1384 2437 Scripturarum
1403 2377 1671 2418 sanctarum

662 2436 1035 2498 intelligentiam.
1606 2437 1672 2483 id.

599 2498 704 2549 111.
742 2503 866 2559 Qum
903 2499 1096 2576 scripsit
1118 2502 1310 2564 Moyses
1346 2497 1406 2547 de
1438 2497 1673 2548 creatione

661 2566 773 2614 coeli
805 2573 856 2614 et
891 2574 1046 2620 terre.
1083 2565 1346 2630 intelligere
1383 2580 1478 2612 non
1519 2571 1671 2630 potest

663 2630 752 2680 nisi
767 2631 972 2679 donante
992 2631 1117 2680 Deo.
1569 2630 1667 2677 208

597 2695 698 2746 IV.
731 2695 963 2744 Creatura
1000 2694 1176 2742 clamat
1201 2701 1456 2743 creatorem
1491 2693 1669 2806 Deggta.

599 2826 664 2874 V.
699 2825 774 2872 Ex
799 2822 947 2871 nihilo
969 2822 1182 2870 conditus
1200 2821 1421 2870 mundus.
1600 2825 1667 2870 id.

597 2889 694 3002 VId.
727 2887 978 2946 Quomodo
1000 2887 1134 2936 Deus
1154 2885 1294 2944 dixit,
1310 2894 1364 2936 ut
1379 2886 1510 2935 fieret
1528 2901 1666 2998 ωὲιέὁ

693 2969 767 3001 us.

597 3019 722 3067 VII.
757 3018 804 3067 V
805 3016 970 3064 erbum
994 3015 1090 3064 Dei
1109 3025 1394 3065 coeternum
1420 3015 1548 3064 Deo.
1566 3016 1667 3064 210

594 3083 747 3132 VIII.
785 3082 996 3130 Verbum
1016 3079 1144 3129 Dei'
1131 3096 1286 3145 ipsum
1298 3089 1370 3129 est
1383 3079 1663 3156 principium

657 3163 754 3211 quo
773 3147 998 3194 docemur
1017 3160 1201 3193 omnem
1224 3145 1484 3194 veritatem.

595 3212 689 3260 IX.
740 3209 992 3268 Quomodo
1047 3211 1257 3258 Verbum
1310 3208 1407 3259 Dei
1449 3181 1668 3274 loquatui·

656 3275 804 3325 cordi.
1569 3274 1661 3321 211

594 3342 661 3390 X.
717 3340 1053 3389 Obtrectantes
1115 3336 1228 3402 quid
1285 3337 1463 3386 faceret
1531 3337 1668 3386 Deus

658 3413 914 3468 antequam
942 3403 1118 3452 coelum
1149 3411 1198 3452 et
1225 3411 1394 3450 terram
1429 3403 1667 3452 conderet.

591 3533 684 3582 XI.
720 3531 995 3606 objectioni
1014 3530 1262 3596 respondet
1282 3531 1406 3594 quod
1426 3529 1666 3580 aeternitas

658 3595 755 3644 Dei
777 3594 924 3644 nescit
940 3603 1168 3658 tempora.
1563 3595 1663 3643 212

590 3661 717 3710 XII.
758 3658 887 3733 Quid
946 3659 1080 3707 Deus
1130 3657 1293 3708 fecerit
1341 3667 1450 3707 ante
1495 3659 1661 3707 mundi

655 3724 954 3773 creationem.
1594 3726 1661 3770 id.

588 3790 743 3840 XIII.
780 3788 924 3846 Quod
945 3794 1056 3835 ante
1077 3794 1289 3850 tempora
1310 3801 1338 3832 ιι
1361 3785 1469 3834 Deo
1501 3795 1661 3835 creata

654 3853 837 3902 nullum
857 3860 1041 3926 tempus
1061 3851 1214 3899 fuerit.
1560 3851 1657 3900 213

588 3921 735 3969 XIV.
766 3915 1012 3979 Temporis
1032 3913 1304 3964 differentiae
1325 3922 1432 3962 tres.
1591 3919 1659 3965 id.

586 3985 702 4035 XV.
735 3984 968 4032 Mensura
986 3981 1207 4046 temporis
1224 3979 1275 4027 in
1297 3995 1406 4055 quo.
1559 3980 1659 4028 214

586 4050 732 4100 XVI.
780 4045 938 4105 Quale
986 4053 1172 4111 tempus
1219 4043 1371 4094 metiri
1413 4042 1572 4102 liceat,
1610 4053 1657 4094 et

649 4112 794 4178 quale
819 4125 930 4160 non·
1557 4081 1657 4158 '215

584 4179 759 4229 XVII.
793 4175 890 4224 Ubi
919 4183 1103 4239 tempus
1138 4171 1423 4241 praeteritum
1452 4179 1502 4220 et
1529 4172 1656 4221 sutu-

581 4257 787 4359 ΧΙῐῙιΙῗΙ.
830 4304 1078 4378 Quomodo
1129 4300 1362 4378 preterita
1405 4308 1455 4349 et
1497 4239 1657 4350 fugi-ii

581 4381 737 4546 XII-{n
743 4367 1245 4500 Ρὲῒιιεὲὲἶιιξῐιῖἴιὶῗιὶιῗ,
1257 4447 1350 4497 quo
1362 4431 1498 4480 Deus
1515 4369 1653 4545 dege}

664 4516 697 4547 ιι
715 4513 818 4547 ιιι-ιι.

1316 358 1623 422 INDEX
1676 357 2126 422 cAPrrUM.

1752 519 1867 569 XX.
1906 519 2197 571 Differentiae
2218 519 2439 587 temporis
2472 520 2716 587 quomodo
2748 535 2833 568 no—

1814 583 2066 635 minande.
2733 585 2828 631 217

1752 649 1898 698 ΧΧΙ.
1940 650 2191 708 Quomodo
2233 658 2418 717 tempus
2462 651 2614 701 liceat
2657 649 2830 698 metiri.

1750 775 1925 826 XXII.
1959 779 2086 829 Petit
2112 778 2373 844 aenigmatis
2394 779 2527 829 istius
2544 715 2829 828 solutiosselrii

1749 843 1991 958 XXIII)I³.o
1986 909 2115 967 Quid
2135 909 2197 958 sit
2213 917 2417 973 tempus.
2728 844 2829 955 {lg

1748 972 1939 1022 XXIV.
1970 973 2180 1048 Tempus
2198 983 2268 1024 est
2289 989 2385 1038 quo
2400 972 2623 1021 metimur
2644 982 2827 1020 motum

1748 1051 2134 1150 xfiotipoffursus
2152 1102 2311 1151 Deum
2334 1100 2621 1177 interpellat.
2728 1038 2829 1150 2ί2ιῗ

1749 1164 1939 1214 XXVI.
1975 1168 2223 1224 Quomodo
2244 1175 2431 1230 tempus
2450 1166 2690 1216 metimur.
2727 1167 2821 1214 221

1745 1229 1965 1279 XXVII.
2002 1232 2255 1307 Quomodo
2270 1231 2493 1280 metimur
2510 1239 2701 1296 tempus
2719 1247 2823 1344 per-

1810 1308 2005 1343 manens
2024 1296 2073 1343 in
2096 1293 2271 1344 animo.

1744 1357 1995 1408 XXVIII.
2029 1359 2203 1408 Animo
2224 1359 2442 1408 metimur
2461 1370 2692 1434 tempora.
2724 1362 2825 1408 223

1746 1421 1943 1472 XXIX.
2001 1423 2064 1473 Se
2118 1425 2167 1472 in
2226 1424 2510 1486 temporalia
2565 1424 2825 1474 distentum

1742 1487 1941 1600 xx'eit
1962 1487 2011 1536 in
2035 1489 2195 1537 Deum
2217 1488 2390 1552 colligi.
2724 1490 2824 1536 224

1960 1553 2188 1618 Cosrguit
2246 1568 2428 1601 rursum
2487 1552 2825 1607 obtrectante&

1742 1550 1919 1681 xquid
1940 1617 2103 1668 fecerit
2123 1618 2257 1668 Deus
2284 1625 2394 1667 ante
2428 1617 2596 1666 mundi
2622 1618 2823 1666 creatio-

1808 1696 1934 1732 nem.
2758 1685 2821 1729 id.

1742 1745 1935 1795 XXXI.
1968 1747 2219 1806 Quomodo
2244 1745 2486 1811 cognoscit
2522 1747 2676 1804 Deus,
2701 1762 2820 1810 quo·

1805 1812 1945 1861 modo
1965 1820 2197 1862 creatura.
2720 1813 2822 1859 225

1891 2009 2112 2058 LIBER.
2156 2008 2657 2059 DUODECIMUS.

1738 2112 1783 2162 L
1818 2112 2038 2162 Difficilis
2055 2114 2279 2179 inquisito
2302 2113 2417 2162 veri.
2718 2114 2819 2162 226

1738 2177 1811 2226 ΙΙ.
1846 2178 1925 2226 De
1942 2179 2121 2254 duplici
2140 2178 2265 2229 coelo
2283 2187 2331 2226 et
2353 2187 2492 2228 terra.
2752 2181 2817 2226 id.

1738 2242 1843 2291 111.
1877 2244 2007 2300 Quid
2028 2245 2233 2293 tenebrae
2266 2258 2409 2308 super
2436 2243 2606 2293 faciem
2642 2243 2820 2309 abyssi.

2752 2311 2814 2354 id.

1738 2370 1836 2420 IV.
1871 2371 2000 2430 Quid
2020 2379 2140 2421 terra
2162 2370 2407 2422 invisibilis
2422 2380 2470 2419 et
2490 2371 2816 2438 incomposita.

1740 2500 1806 2549 V.
1854 2501 1955 2550 Cur
1994 2501 2061 2550 sic
2100 2498 2342 2566 appellata
2383 2499 2566 2550 videtur
2621 2501 2815 2550 materia

1802 2564 2024 2613 informis.
2750 2569 2813 2614 id·

1734 2629 1829 2678 VI.
1864 2629 1993 2687 Quid
2026 2629 2139 2677 olim
2170 2645 2280 2678 cum
2300 2628 2587 2678 Manicbaeis
2616 2631 2813 2678 senserit

1796 2694 1858 2742 de
1878 2693 2071 2741 materia
2093 2693 2295 2752 informi,
2320 2693 2436 2756 quid
2455 2695 2616 2742 modo.
2746 2698 2810 2743 id.

1732 2758 1857 2807 vn.
1894 2758 2031 2807 Deus
2050 2758 2161 2806 fecit
2188 2759 2249 2806 de
2274 2759 2419 2808 nihilo
2448 2758 2649 2815 coelum,
2668 2757 2719 2805 id
2742 2768 2811 2807 est

1795 2823 2041 2896 Augei-0⁸3
2078 2829 2125 2870 et
2156 2830 2344 2879 terram,
2372 2823 2424 2871 id
2455 2833 2529 2872 est
2559 2822 2807 2871 informem

1796 2887 2059 2936 materiam.
2709 2889 2806 2936 223

1732 2952 1887 3000 VIII.
1929 2953 2139 3000 Materia
2178 2950 2383 3000 informis
2422 2967 2482 3000 ex
2520 2950 2706 3000 nihilo:
2750 2968 2808 3000 ex

1797 3015 1885 3064 hac
1905 3016 2065 3064 omnia
2083 3014 2298 3064 visibilia.
2710 3018 2808 3066 229

1731 3081 1827 3130 ΙΧ.
1860 3081 1961 3129 Cur
1978 3083 2156 3144 absque
2185 3080 2364 3128 dierum
2398 3080 2636 3129 mentione
2662 3081 2807 3146 scrip-

1795 3153 1895 3194 tum
1937 3153 2026 3202 est,
2072 3145 2230 3192 Deum
2275 3144 2439 3194 fecisse
2480 3145 2531 3194 in
2573 3146 2807 3212 principio

1794 3210 1967 3259 coelum
1992 3218 2040 3258 et
2057 3217 2245 3257 terram.
2732 3215 2795 3260 {a

1732 3275 1796 3322 X.
1830 3277 1876 3322 A
1901 3275 2008 3322 Deo
2030 3274 2157 3338 cupit
2176 3273 2379 3322 edoceri.
2706 3278 2804 3324 230

1731 3338 1825 3387 XI.
1858 3339 1987 3398 Quid
2011 3354 2039 3386 a
2063 3339 2169 3386 Deo
2190 3337 2421 3386 didicerit.
2738 3343 2803 3389 id.

1731 3403 1855 3452 XII.
1890 3405 2120 3452 Creatura
2157 3402 2333 3468 duplex
2367 3417 2539 3453 carens
2576 3411 2803 3468 tempore.

1731 3529 1885 3578 XIII.
1919 3531 2018 3579 Cur
2038 3530 2137 3578 sine
2156 3529 2333 3578 dierum
2358 3532 2803 3581 commemoratione

1792 3594 1907 3643 dicit
1926 3594 2024 3644 Scri
2058 3602 2180 3653 tura,
2204 3597 2330 3660 quod
2366 3597 2413 3643 in
2446 3595 2673 3661 principio
2696 3597 2802 3646 fecit

1795 3659 1929 3707 Deus
1951 3612 2078 3708 coelu
2050 3676 2126 3707 um
2152 3667 2199 3708 et
2222 3669 2408 3708 terram.
2700 3665 2799 3711 232

1727 3723 1871 3772 XIV.
1906 3725 2005 3772 Scri
2009 3732 2157 3789 pturae
2181 3724 2488 3790 profunditaS.
2736 3731 2801 3776 id.

1724 3788 1842 3837 XV.
1876 3790 1999 3847 Quae
2009 3742 2093 3838 pde
2120 3789 2227 3837 Deo
2260 3789 2413 3864 deque
2435 3788 2637 3852 Angelis
2656 3799 2708 3838 et
2727 3791 2798 3840 in·

1786 3852 1923 3902 sormi
1960 3852 2151 3902 materia
2184 3853 2324 3902 sentit
2356 3854 2671 3917 Augustinus,
2702 3871 2799 3904 non
2867 3886 2874 3892 -

1789 3925 1981 3979 possunt
2000 3917 2295 3966 oblocutores
2315 3932 2499 3982 negare.
2700 3921 2799 3968 233

1726 3982 1873 4030 XVI.
1909 3981 2028 4030 Rem
2051 3981 2224 4030 habere
2247 3997 2341 4029 non
2366 3983 2466 4029 vult
2486 3997 2598 4030 cum
2628 3980 2689 4032 iis
2716 3985 2798 4047 qui

1786 4045 2119 4094 contradicunt
2138 4045 2319 4094 veritati
2337 4046 2525 4094 divinae.
2699 4049 2796 4096 235

1722 4110 1897 4158 XVII.
1932 4109 2001 4159 Ut
2022 4108 2135 4159 coeli
2156 4118 2203 4159 et
2222 4118 2355 4160 terrae
2377 4111 2648 4160 nominibus
2668 4112 2795 4160 aliud

1784 4182 1835 4222 et
1854 4172 1984 4222 aliud
2008 4173 2205 4237 intelligi
2227 4182 2400 4248 potest.
2698 4179 2796 4226 236

1722 4238 1927 4287 XVIII.
1963 4239 2083 4296 Quis
2101 4254 2227 4287 error
2244 4238 2460 4288 innoxius
2489 4238 2541 4288 in
2580 4239 2796 4306 Scriptu-

1720 4366 1863 4414 XIX.
1891 4368 2014 4425 Quae
2026 4365 2213 4445 ’liquido
2235 4382 2361 4416 vera.
2694 4372 2791 4419 238

1720 4430 1831 4479 XX.
1867 4431 1928 4479 In
1962 4434 2185 4495 principio
2214 4437 2387 4482 creavit
2423 4441 2513 4484 etc.
2554 4433 2685 4484 varie
2722 4435 2790 4482 in-

1782 4495 2038 4546 tellectum.
2726 4503 2790 4551 id.
