3042 5059
681 395 804 450 2⁷2
1193 385 1258 448 S.
1305 383 1820 449 AUGUSTINI
1865 381 2282 446 EPISCOPI

675 539 886 606 modis
913 540 1286 623 intelligere,
1319 538 1494 624 quod
1522 541 1793 604 obscure
1828 560 1960 602 uno
2005 537 2199 602 modo
2228 537 2631 600 enuntiatum
2660 537 2899 617 legeri-

675 663 837 705 mus.
927 640 1036 705 Sic
1091 641 1436 722 implentur
1493 659 1679 723 aquae
1738 638 1952 715 mariS,
2004 660 2149 723 quae
2198 659 2331 700 non
2380 646 2730 701 moventur
2774 636 2901 698 nisi

675 738 909 806 variis*
953 740 1572 821 significationibus:
1628 740 1721 804 sic
1765 747 1829 802 et
1864 740 2101 803 fetibus
2141 739 2438 802 humanis
2482 739 2803 820 impletur
2840 745 2903 798 et

677 852 838 908 terra
863 866 880 919 3
929 843 1112 926 cujus
1141 841 1399 906 ariditas
1427 849 1694 924 apparet
1719 842 1787 902 in
1820 840 2055 918 studi0‚
2086 848 2150 904 et
2178 840 2545 904 dominatur
2573 840 2635 903 ei
2663 841 2857 903 ratio.

462 953 628 1001 XXV·
765 949 868 1008 38.
915 944 1081 1006 Volo
1121 943 1315 1006 etiam
1351 941 1585 1019 dicere,
1616 941 1894 1004 Domine
1924 942 2103 1005 Deus
2144 963 2345 1018 meus,
2378 941 2557 1024 quod
2594 961 2699 1003 me
2742 961 2896 1003 con-

429 1017 666 1129 4123?ssssoe
681 1065 958 1129 sequens
1007 1052 1117 1106 tua
1168 1043 1498 1126 Scriptura
1554 1051 1957 1120 commonet3
2024 1051 2090 1106 et
2132 1042 2364 1121 dicam,
2420 1063 2543 1104 nec
2603 1043 2893 1103 verebor.

441 1147 545 1221 ἀφ’
565 1160 641 1192 ¹²⁰·
680 1148 918 1209 Verum
961 1143 1134 1206 enim
1181 1142 1411 1221 dicam,
1449 1149 1512 1204 te
1558 1141 1718 1204 mihi
1760 1141 2134 1225 inspirante,
2175 1141 2353 1226 quod
2398 1163 2483 1204 ex
2536 1141 2635 1203 eis
2682 1141 2895 1202 verbis

439 1211 662 1321 3312„
680 1245 940 1310 voluisti
982 1252 1055 1307 ut
1103 1243 1396 1310 dicerem.
1487 1246 1721 1328 Neque
1764 1245 1935 1307 enim
1978 1246 2107 1308 alio
2149 1255 2377 1329 praeter
2424 1252 2489 1307 te
2533 1243 2893 1326 inspirante

440 1339 662 1448 ξετῷἦι·
681 1346 870 1412 credo
901 1367 1004 1408 me
1033 1366 1248 1408 verum
1280 1344 1513 1422 dicere,
1544 1366 1692 1407 cum
1720 1353 1792 1408 tu
1817 1348 1906 1407 sis
1932 1349 2191 1425 veritas,
2220 1347 2427 1408 omnis
2454 1353 2681 1406 autem
2715 1346 2895 1406 homo

439 1467 528 1514 διο.
681 1447 984 1510 mendax.
1072 1446 1163 1507 Et
1200 1444 1348 1508 ideo
1389 1445 1501 1528 qui
1540 1447 1828 1529 loquitur
1866 1447 2301 1525 mendacium,
2332 1446 2412 1506 de
2438 1466 2553 1508 suo
2582 1446 2893 1526 loquitur.

441 1530 590 1641 ἔξω·
615 1530 664 1584 3,
682 1549 858 1629 Ergo
901 1553 975 1609 ut
1015 1566 1234 1608 verum
1274 1545 1523 1628 loquar,
1563 1544 1642 1608 de
1684 1553 1795 1608 tuo
1833 1547 2061 1631 loquar
2073 1541 2122 1607 ‘.
2211 1547 2390 1610 Ecce
2424 1544 2665 1608 dedisti
2706 1545 2891 1606 nobis

442 1669 553 1720 Joh.
582 1671 633 1727 8.
681 1649 754 1710 in
801 1667 1010 1710 escam
1061 1667 1245 1708 omne
1281 1647 1522 1728 senum
1572 1649 1876 1726 sativum,
1924 1649 2248 1710 seminans
2296 1669 2509 1711 semen
2567 1645 2752 1730 quod
2806 1655 2894 1708 est

441 1736 520 1783 ⁴⁴·
679 1767 873 1828 super
899 1767 1148 1810 omnem
1177 1755 1442 1824 terram,
1471 1755 1537 1810 et
1564 1769 1748 1810 omne
1785 1751 2034 1830 liqnum
2064 1750 2235 1832 quod
2268 1749 2460 1812 habet
2497 1752 2569 1812 in
2610 1771 2679 1812 se
2705 1751 2893 1831 fruc-

683 1857 821 1911 tum
861 1850 1125 1911 seminis
1163 1850 1376 1911 sativi.
1468 1849 1531 1911 N
1534 1871 1609 1913 ec
1654 1849 1845 1914 nobis
1884 1850 2060 1928 soliS,
2090 1850 2204 1913 sed
2246 1857 2311 1912 et
2348 1850 2640 1912 omnibus
2676 1848 2895 1910 avibus

680 1952 840 2028 coeli,
879 1957 944 2012 et
982 1949 1198 2012 bestiis
1235 1957 1445 2026 terrae,
1485 1957 1677 2032 atque
1722 1947 2206 2032 serpentibus*;
2251 1949 2547 2033 piscibus
2586 1957 2810 2012 autem
2836 1958 2896 2011 et

683 2051 842 2115 cetis
889 2051 1143 2131 magnis
1192 2072 1324 2113 non
1375 2049 1610 2114 dedisti
1660 2051 1821 2114 haec.
1908 2051 2305 2115 Dicebamus
2350 2051 2522 2112 enim
2565 2051 2667 2112 eis
2718 2057 2892 2113 terrae

680 2151 992 2215 fructibus
1015 2151 1387 2233 significari,
1411 2160 1474 2213 et
1493 2152 1565 2213 in
1587 2151 1891 2231 allegoria
1912 2151 2169 2232 figurari
2198 2172 2394 2234 opera
2414 2150 2892 2228 misericordiae,

683 2275 827 2336 qnae
861 2251 1055 2335 hujus
1095 2251 1244 2314 vitae
1278 2251 1771 2315 necessitatibus
1810 2252 2195 2315 exhibentur
2220 2274 2303 2314 ex
2344 2259 2512 2314 terra
2547 2251 2889 2314 fructifera.

442 2359 474 2405 2
495 2355 618 2404 Tim.
682 2353 860 2415 Talis
890 2359 1055 2415 terra
1083 2359 1216 2414 erat
1240 2351 1387 2433 pius
1421 2352 1869 2432 Onesiphorus,
1900 2352 2082 2436 cujus
2112 2353 2326 2415 domui
2363 2353 2606 2414 dedisti
2646 2353 2889 2414 miseri-

582 2456 595 2470 '
682 2454 993 2531 cordiam,
1024 2454 1172 2536 quia
1191 2453 1575 2534 frequenter
1604 2453 1877 2514 Paulum
1918 2460 2097 2514 tuum
2141 2454 2576 2535 refriyeravit,
2618 2460 2687 2514 et
2728 2458 2889 2513 cate-

681 2577 836 2620 nam
881 2557 1020 2639 eju-3
1057 2576 1184 2617 non
1227 2554 1494 2616 enchuit.
1584 2557 1737 2619 Hoc
1765 2556 2052 2619 fecerunt
2080 2565 2143 2617 et
2169 2556 2412 2633 fratreS,
2446 2565 2511 2619 et
2553 2555 2675 2618 tali
2719 2555 2888 2634 fruge

445 2667 478 2714 2
503 2665 613 2713 Cor·
679 2657 1240 2732 fructificaverunt,
1285 2655 1397 2740 qui
1435 2657 1600 2739 quod
1638 2656 1701 2719 ei
1737 2657 1982 2733 deerat,
2018 2660 2469 2738 suppleverunt
2516 2679 2607 2719 ex
2657 2657 2875 2719 Mace-

449 2732 527 2788 11,
549 2731 609 2806 9..
681 2758 896 2820 donia.
987 2756 1328 2828 Quomodo
1375 2765 1590 2820 autem
1638 2757 1813 2820 dolet
1854 2757 2149 2842 quaedam
2182 2758 2383 2840 ligna,
2420 2777 2568 2840 quae
2615 2757 2886 2820 fmctum

442 2879 474 2925 2
495 2876 622 2924 Tim.
681 2859 742 2922 ei
771 2859 1058 2923 debitum
1096 2880 1229 2921 non
1262 2858 1595 2939 dederunt,
1623 2861 1737 2922 ubi
1776 2860 1901 2924 ait:
1951 2862 2039 2923 In
2071 2863 2299 2942 prima
2338 2881 2482 2923 mea
2524 2861 2889 2943 defensione

445 2943 494 2999 ⁴⁹
526 2941 599 2988 ¹⁶·
678 2981 860 3025 uerno
905 2962 1070 3024 mihi
1119 2960 1359 3042 adfuit,
1405 2961 1520 3023 sed
1568 2981 1779 3023 omnes
1828 2982 1931 3023 me
1980 2962 2461 3045 dereliquerunt
2478 2983 2499 3022 .·
2580 2982 2717 3022 non
2766 2961 2889 3021 illis

678 3062 1080 3144 imputetur!
1141 3064 1280 3126 Ista
1309 3063 1478 3125 enim
1509 3061 1819 3125 debentur
1856 3063 1950 3126 eis
1995 3063 2107 3146 qui
2145 3063 2509 3126 ministrant
2538 3061 2888 3126 doctrinam

677 3164 1049 3226 rationalem
1090 3184 1207 3245 per
1244 3162 1703 3243 intelligentias
1748 3161 2104 3226 divinorum
2144 3163 2629 3246 mysteriorum3
2700 3170 2767 3225 et
2806 3163 2889 3226 ita

681 3264 776 3326 eis
805 3262 1136 3344 debentur,
1167 3272 1470 3346 tanquam
1499 3263 1879 3326 hominibus,
1969 3266 2303 3328 Debentur
2340 3265 2434 3327 eis
2474 3272 2699 3327 autem
2734 3264 2890 3326 sicut

681 3366 921 3428 animae
981 3367 1153 3442 viver,
1198 3364 1633 3448 praebentibus
1677 3387 1744 3428 se
1789 3365 1872 3428 ad
1914 3365 2293 3429 imitandum
2345 3365 2413 3426 in
2460 3365 2642 3427 omni
2696 3365 2885 3429 conti-

683 3469 919 3531 nentia.
1011 3471 1177 3532 Item
1209 3468 1522 3532 debentur
1550 3470 1643 3532 eis
1673 3477 1979 3553 tanquam
2007 3470 2387 3548 volatilibzw,
2403 3476 2679 3552 propter
2704 3470 2887 3531 bene·
2989 3497 2990 3500 ¹

685 3568 997 3632 dictiones
1048 3591 1266 3632 eorum
1319 3591 1462 3653 quae
1503 3573 2015 3651 multiplicantur
2051 3591 2241 3652 super
2280 3581 2539 3649 terram,
2584 3571 2884 3654 quoniam

452 3675 755 3740 1³:.18,5.in
784 3692 1030 3735 omnem
1063 3679 1300 3734 terram
1328 3675 1530 3735 excivit
1560 3695 1745 3738 sonus
1771 3695 2011 3762 eorum.

458 3789 656 3839 XXVI.
773 3777 876 3834 39.
923 3773 1282 3835 Pascuntur
1325 3779 1539 3836 autem
1588 3775 1693 3838 his
1740 3776 1907 3839 escis
1951 3775 2063 3860 qui
2106 3778 2403 3841 laetantur
2447 3775 2544 3839 eis
2562 3797 2581 3851 3
2634 3795 2757 3837 nec
2802 3774 2887 3835 illi

447 3853 632 3966 ἕξιξξ·
684 3877 981 3938 laetantur
1023 3874 1118 3938 eis
1161 3896 1430 3959 quorum
1478 3878 1659 3939 Deus
1701 3886 1921 3940 venter
1948 3886 2061 3941 est.
2153 3881 2384 3961 Neque
2430 3876 2605 3940 enim
2652 3875 2725 3938 in
2768 3875 2885 3936 illis

446 3983 627 4030 utilitas
687 3977 799 4060 qui
843 3978 1134 4060 praebent
1175 3976 1321 4053 ista,
1353 3999 1431 4040 ea
1475 3996 1619 4060 quae
1664 3978 1841 4054 dant,
1870 3979 2113 4042 fructus
2158 3985 2290 4055 est3
2337 3977 2453 4040 sed
2498 3998 2634 4061 quo
2683 3975 2885 4038 animo

445 4047 665 4160 {ssiffisse‘
687 4078 858 4142 dant.
950 4080 1180 4162 Itaque
1223 4078 1332 4141 ille
1377 4077 1490 4160 qui
1535 4078 1676 4140 Deo
1722 4078 2056 4156 serviebat,
2098 4100 2233 4142 non
2274 4099 2387 4142 suo
2428 4078 2671 4154 ventri,
2713 4075 2887 4138 video

447 4191 601 4286 ἓξὲξ·
685 4180 876 4262 plane
915 4177 1084 4240 unde
1127 4178 1404 4259 gaudeat
1421 4203 1439 4256 ;
1486 4177 1695 4256 video,
1725 4189 1791 4242 et
1818 4181 2225 4260 congratulor
2260 4180 2321 4242 ei
2350 4177 2555 4240 valde.
2618 4177 2887 4257 Accepe-

445 4295 637 4352 colfato.
685 4288 796 4342 rat
827 4279 997 4341 enim
1021 4300 1061 4342 a
1087 4279 1639 4362 Philippensibus,
1671 4300 1815 4362 quae
1833 4301 1962 4360 per
1988 4281 2519 4361 Epaphroditum
2546 4277 2884 4352 miserant;

448 4379 577 4428 Phil.
599 4381 647 4438 3,
688 4379 802 4442 sed
844 4388 1056 4442 tamen
1097 4380 1270 4442 unde
1315 4379 1611 4460 gaudeat,
1644 4378 1851 4442 video.
1892 4415 1903 4426 -
1944 4379 2135 4443 Unde
2180 4389 2391 4445 autem
2439 4378 2709 4460 gaudet,
2752 4377 2885 4440 inde

449 4446 594 4569 ἔξω,
686 4481 991 4562 pascitur,
1025 4480 1178 4562 quia
1217 4480 1286 4541 in
1315 4481 1579 4545 veritate
1617 4481 1910 4562 loquenS,
1948 4482 2219 4545 Gavisa-5
2257 4503 2421 4562 sum,
2450 4480 2693 4562 inquit,
2722 4499 2882 4558 maq—
2932 4525 2937 4534 .

450 4584 528 4636 16,
554 4583 630 4629 18.
