3042 5059
641 360 723 418 92
1193 351 1259 415 S.
1305 350 1829 415 AUGUSTINI
1870 348 2293 415 EPISCOPI

637 508 1027 573 interimeret
1065 506 1417 587 ingenium.
1505 507 1747 569 Verum
1790 514 2024 583 autem,
2068 506 2373 582 Domine,
2416 510 2491 567 tu
2532 504 2649 588 qui
2694 525 2856 587 prae-

640 608 812 673 sides
850 607 1298 690 gubernaculis
1333 607 1621 671 omnium
1652 626 1797 691 quae
1828 607 2080 685 creasti,
2108 628 2239 670 non
2270 628 2419 670 eum
2446 606 2691 669 oblitus
2720 628 2857 669 eras

635 712 920 775 futurum
937 710 1108 773 inter
1131 709 1304 772 filios
1331 719 1478 774 tuos
1505 709 1855 773 antistitem
1878 709 2257 773 sacramenti
2284 708 2411 785 tui3
2445 715 2511 771 et
2537 716 2613 771 ut
2641 715 2857 791 aperte

639 813 760 877 tibi
799 813 1178 876 tribueretur
1219 809 1360 893 ejus
1401 810 1735 888 correcti0,
1764 832 1883 894 per
1922 832 2027 873 me
2062 810 2323 894 quidem
2364 809 2563 887 illam,
2594 808 2714 871 sed
2748 830 2858 871 ne·

641 914 950 978 scientem
995 918 1292 995 operatus
1321 932 1409 973 es.
1501 912 1673 974 Nam
1710 911 1992 995 quodam
2036 909 2139 974 die
2184 932 2333 974 cum
2378 910 2665 973 sederem
2709 911 2855 973 1000

643 1016 854 1092 solite,
889 1022 953 1077 et
991 1034 1204 1077 coram
1246 1032 1350 1075 me
1389 1010 1687 1076 adessent
1730 1012 2055 1096 discipuli,
2092 1013 2289 1089 venit,
2320 1011 2640 1089 salutavit,
2670 1011 2861 1090 sedit,

641 1125 834 1200 atque
877 1115 947 1177 in
989 1136 1069 1177 ea
1111 1135 1256 1198 quae
1303 1113 1657 1193 agebantur
1700 1113 1983 1175 animum
2021 1113 2337 1178 intendit:
2384 1122 2451 1177 et
2477 1113 2637 1176 forte
2661 1112 2859 1177 lectio

639 1219 710 1280 in
751 1217 1050 1280 manibus
1093 1222 1246 1291 erat,
1293 1234 1486 1298 quam
1532 1211 1687 1275 dum
1730 1236 2138 1299 exponerem,
2184 1224 2248 1278 et
2290 1222 2653 1299 opportune
2696 1214 2859 1277 mihi

642 1316 1009 1381 adhibenda
1050 1315 1370 1379 videretur
1417 1314 1769 1377 similitudo
1827 1315 2249 1393 Circensium,
2295 1338 2425 1400 quo
2466 1315 2631 1379 illud
2680 1315 2862 1400 quod

638 1419 1046 1482 insinuabam
1086 1424 1152 1479 et
1187 1413 1539 1501 jucundius
1574 1423 1639 1478 et
1672 1418 1931 1498 planius
1960 1416 2162 1495 fieret,
2192 1440 2340 1482 cum
2365 1418 2660 1480 irrisione
2690 1438 2859 1479 mor-

641 1519 788 1584 daci
815 1540 1036 1582 eorum
1065 1539 1230 1602 quos
1257 1517 1372 1579 illa
1400 1517 1790 1599 captivasset
1817 1518 2101 1596 insania3
2144 1526 2218 1581 tu
2240 1519 2388 1595 sciS,
2409 1519 2592 1582 Deus
2621 1527 2860 1595 noster,

641 1621 818 1706 quod
843 1628 997 1683 tunc
1027 1618 1108 1681 de
1137 1618 1376 1700 Alypio
1421 1618 1504 1680 ab
1548 1617 1661 1680 illa
1691 1626 1873 1701 peste
1918 1620 2205 1683 sanando
2246 1642 2379 1683 11011
2422 1620 2857 1701 cogitaverim.

639 1725 729 1787 At
761 1722 872 1785 ille
903 1722 972 1783 in
1013 1742 1080 1783 se
1118 1719 1350 1802 rapuit,
1379 1739 1615 1803 meque
1657 1719 1820 1783 illud
1861 1742 1995 1783 non
2036 1722 2165 1783 nisi
2204 1730 2467 1805 propter
2502 1744 2571 1784 se
2611 1721 2860 1784 dixisse

639 1823 927 1888 credidit.
1015 1823 1108 1884 Et
1157 1819 1333 1904 quod
1383 1820 1549 1883 alius
1569 1805 1577 1814 ’
1598 1822 1917 1905 acciperet
1966 1822 2051 1885 ad
2103 1823 2613 1888 succensendum
2668 1823 2857 1899 mihi,

641 1926 896 2010 accepit
924 1926 1234 1989 honestus
1270 1924 1645 1989 adolescens
1685 1924 1769 1987 ad
1804 1911 2314 1990 succensendum
2350 1926 2496 2004 sibi,
2526 1935 2593 1991 et
2628 1926 2713 1990 ad
2752 1948 2856 1988 me

641 2028 967 2094 ardentius
1008 2026 1424 2108 diligendum.
1512 2026 1794 2091 Dixeras
1835 2028 2005 2090 enim
2044 2035 2116 2090 tu
2144 2028 2282 2113 jam
2326 2029 2500 2106 olim,
2531 2038 2598 2092 et
2623 2029 2858 2091 innex-

405 2148 548 2196 Prov.
565 2147 615 2205 9,
641 2152 826 2193 ueras
855 2129 1114 2193 Litteris
1143 2129 1302 2191 tuis:
1363 2130 1633 2207 Corripe
1669 2131 2047 2209 sapientem,
2076 2138 2141 2192 et
2168 2130 2419 2193 amabit
2448 2139 2528 2193 te.
2617 2132 2708 2193 At
2734 2151 2857 2210 ego

405 2214 453 2260 ⁸·
641 2236 823 2297 illum
851 2233 989 2318 jam
1015 2254 1148 2295 11011
1177 2232 1642 2316 corripueram3
1696 2233 1811 2296 sed
1838 2242 2026 2296 utens
2056 2242 2127 2296 tu
2156 2235 2475 2313 omnibus,
2502 2241 2570 2297 et
2596 2234 2856 2297 scienti·

641 2338 766 2400 bus
809 2344 873 2401 et
915 2337 1374 2413 nescientibuS,
1405 2335 1627 2401 ordine
1669 2358 1799 2420 quo
1834 2338 2029 2415 nosti,
2060 2346 2125 2400 et
2149 2338 2259 2401 ille
2290 2337 2445 2400 ordo
2478 2337 2697 2421 justus
2736 2345 2857 2413 est,

407 2454 473 2503 1⁸.
499 2454 549 2511 6,
573 2454 619 2502 6.
645 2440 726 2504 de
756 2440 946 2505 corde
975 2449 1042 2503 et
1066 2441 1294 2521 lingua
1319 2462 1464 2504 mea
1492 2443 1803 2505 carbones
1844 2442 2137 2505 ardentes
2164 2449 2463 2524 operatus
2491 2462 2582 2519 es,
2615 2442 2857 2524 quibus

641 2551 920 2606 mentem
949 2542 1089 2625 spei
1115 2544 1304 2605 bonae
1335 2540 1631 2605 adureres
1660 2544 2113 2619 tabescentem,
2143 2564 2218 2607 ac
2248 2564 2523 2605 sanares.
2611 2544 2861 2605 Taceat

638 2645 866 2709 laudes
896 2654 1035 2708 tuas
1067 2644 1180 2727 qui
1207 2644 1647 2707 miserationes
1685 2652 1827 2707 tuas
1865 2665 2000 2706 non
2032 2643 2413 2721 considerat,
2444 2665 2589 2727 quae
2616 2644 2743 2705 tibi
2774 2642 2857 2705 de

641 2749 940 2813 medullis
966 2748 1127 2811 meis
1158 2748 1563 2812 confitentur.
1650 2748 1913 2811 Etenim
1946 2748 2057 2811 ille
2094 2756 2247 2831 post
2282 2748 2395 2811 illa
2427 2750 2623 2811 verba
2649 2747 2857 2830 prori-

640 2853 786 2936 puit
813 2874 882 2915 se
913 2874 998 2915 ex
1025 2851 1210 2915 fovea
1243 2861 1374 2915 tam
1415 2837 1565 2931 alta,
1596 2875 1725 2937 qua
1760 2854 2035 2915 libenter
2073 2851 2576 2933 demergebatur,
2606 2859 2672 2914 et
2700 2873 2857 2915 011111

537 2978 542 2983 ·
640 2953 991 3017 miserabili
1034 2954 1407 3036 voluptate*
1453 2955 1845 3030 caecabatur3
1920 2960 1986 3016 et
2033 2954 2323 3017 excussit
2370 2954 2653 3017 animum
2702 2954 2857 3017 forti

639 3054 1081 3139 temperantia,
1121 3061 1188 3117 et
1226 3056 1607 3119 resiluerunt
1648 3075 1869 3119 omnes
1915 3054 2314 3120 Circensium
2358 3055 2579 3118 sordes
2623 3056 2703 3118 ab
2752 3076 2855 3132 eo,

640 3158 1046 3239 ampliusque
1087 3154 1243 3217 illuc
1287 3177 1418 3217 non
1463 3158 1755 3221 accessit.
1844 3156 2099 3221 Deinde
2140 3164 2387 3240 patrem
2434 3157 2855 3221 reluctantem

639 3258 852 3335 evicit,
895 3264 970 3319 ut
1011 3277 1114 3319 me
1157 3256 1462 3335 magistro
1504 3265 1819 3321 uteretur:
1880 3258 2077 3321 cessit
2117 3259 2226 3321 ille
2270 3265 2463 3342 atque
2507 3258 2852 3320 concessit.

639 3358 732 3420 Et
773 3356 991 3419 audire
1032 3378 1134 3418 me
1177 3376 1396 3417 rursus
1438 3356 1780 3440 incipienS,
1818 3359 1933 3421 illa
1972 3380 2224 3422 mecum
2260 3360 2710 3442 superstitione
2752 3360 2851 3421 111·

638 3460 894 3521 volutus
935 3465 1058 3535 est,
1087 3476 1308 3519 amans
1349 3457 1420 3518 in
1456 3459 1844 3521 Manichaeis
1874 3455 2385 3524 ostentationem*
2416 3461 2853 3537 continentiae,

642 3581 836 3644 quam
861 3582 901 3621 1
903 3580 1074 3622 010111
1103 3565 1168 3621 et
1197 3578 1559 3639 germanam
1586 3561 1869 3641 putabat.
1957 3561 2117 3623 Erat
2153 3569 2364 3624 autem
2390 3560 2503 3624 illa
2530 3582 2757 3624 vecors
2788 3569 2855 3622 et

401 3672 541 3787 ξέοι
573 3674 621 3730 6,
643 3655 1020 3734 seductoria,
1045 3662 1371 3737 pretiosa-s·
1407 3661 1666 3721 animas
1699 3669 1992 3741 captam,
2020 3660 2306 3726 nondum
2342 3662 2593 3725 virtutis
2632 3663 2851 3725 altitu-

401 3803 565 3851 δώῃ·
710 3826 724 3863 ¹
761 3832 952 3898 Accipis
973 3836 1301 3909 evangelium?
1376 3836 1452 3885 Tu
1476 3852 1551 3885 me
1571 3836 1711 3885 mter
1778 3852 1900 3893 rens,
1936 3846 1985 3885 et
2018 3838 2187 3901 quaeris
2222 3854 2251 3886 a
2282 3853 2377 3897 me,
2414 3846 2571 3886 utrum
2611 3837 2850 3901 accipiam

643 3912 794 3971 rogas,
819 3908 1022 3946 utrumn
998 3899 1240 3964 accipiam,
1262 3900 1309 3947 in
1342 3915 1436 3963 quo
1471 3899 1520 3948 id
1559 3900 1709 3966 ipsum
1776 3901 2107 3963 evangelium?
2173 3903 2359 3951 Vides
2347 3919 2393 3951 m
2418 3918 2492 3952 me
2517 3902 2693 3953 Christi
2728 3902 2846 3949 bea-

643 3963 857 4027 accipere
879 3974 1092 4029 apparet,
1106 3966 1235 4028 quia.
1257 3980 1364 4029 quat.
1381 3965 1537 4031 jubet,
1552 3968 1713 4014 obser·-
1774 3964 2003 4014 titudines
2024 3967 2150 4023 illas,
2172 3983 2279 4031 quae
2308 3968 2604 4030 evangelium
2638 3966 2848 4022 faciunt,

641 4028 902 4090 vol—Ego
925 4038 1103 4091 patrem
1131 4030 1288 4077 dimisi
1311 4038 1358 4077 et
1379 4040 1595 4088 matrem,
1620 4046 1707 4078 ux·
1774 4038 1822 4077 et
1866 4030 2141 4093 interrogas,
2188 4040 2341 4082 utrum
2387 4033 2508 4081 illud
2566 4032 2851 4107 accipiam?

641 4104 788 4149 orem,
819 4092 942 4141 filios
974 4101 1023 4141 et
1055 4104 1226 4151 cetera,
1261 4110 1368 4155 quoe
1409 4095 1706 4159 evangelium
1773 4093 1925 4143 Vides
1972 4111 2246 4161 pauperem,
2295 4095 2425 4145 vides
2480 4096 2659 4151 mitem,
2707 4095 2848 4144 vides

634 4154 788 4219 jubet,
832 4165 880 4204 et
935 4157 1210 4221 interrogas.
1262 4166 1418 4207 utrum
1477 4160 1705 4225 accipiam
1770 4159 2039 4222 pacificum,
2075 4176 2192 4225 puro
2232 4159 2371 4209 corde
2414 4162 2668 4221 lugentem,
2692 4162 2846 4209 esuri-

640 4220 937 4295 evangelium
951 4225 1142 4287 'l—Ego
1173 4231 1420 4286 argentum
1456 4233 1504 4271 et
1540 4240 1706 4272 aurum
1769 4233 1945 4280 entem,
1980 4224 2233 4284 sitientem,
2266 4226 2614 4299 persecutiones
2648 4234 2697 4273 et
2728 4226 2846 4273 odia

639 4284 798 4349 rejeci,
849 4295 895 4333 et
939 4302 1005 4334 aes
1046 4288 1096 4336 in
1141 4288 1270 4336 zonis
1310 4287 1482 4337 habere
1528 4288 1704 4346 destiti,
1770 4288 2076 4339 sustinentem
2100 4298 2287 4363 propter
2302 4288 2553 4353 justitiam,
2569 4300 2616 4337 et
2630 4289 2843 4343 dubitas

637 4349 912 4413 quotidiano
940 4360 1188 4401 contentus
1221 4352 1344 4407 cibo,
1370 4367 1457 4400 nec
1487 4351 1547 4400 de
1576 4368 1701 4401 cras·
1769 4360 1926 4401 utrum
1962 4354 2191 4418 accipiam
2228 4353 2561 4417 evangelium?
2616 4354 2843 4410 Faustus,

640 4414 739 4461 tino
770 4429 955 4472 curans,
980 4432 1067 4465 nec
1103 4416 1230 4465 unde
1260 4426 1425 4466 venter
1453 4416 1705 4481 impleatur
1770 4416 1805 4465 l.
1830 4433 1876 4466 v.

633 4488 724 4526 aut
757 4493 926 4557 corpus
954 4479 1207 4545 operiatur,
1239 4480 1585 4530 solicitudinem
1621 4497 1702 4544 ge·
