3042 5059
674 360 1394 427 CONFESSIONUM
1441 361 1729 428 LIBER
1773 365 1933 427 XII.
2240 369 2365 427 227

148 513 438 576 tenebrae
473 523 660 577 erant
688 537 882 597 super
923 517 1251 600 abyssum;
1301 518 1462 602 quid
1490 518 1669 582 aliud
1712 540 1906 603 quam
1932 519 2099 582 lucis
2141 520 2368 582 absen-
2386 523 2513 574 Gen·
2541 527 2588 581 1.

146 611 282 676 tia?
338 614 477 678 Ubi
505 615 677 678 enim
703 617 823 679 lux
854 625 1042 695 esset,
1074 619 1131 681 si
1159 626 1348 697 esset,
1375 618 1502 680 nisi
1550 628 1909 702 superesset
1937 619 2275 683 eminendo
2304 627 2371 683 et
2382 591 2435 640 ²·

145 712 572 780 illustrando?
622 719 758 781 Ubi
789 739 943 802 ergo
970 720 1089 783 lux
1117 720 1404 783 nondum
1433 728 1589 797 erat,
1620 719 1778 804 quid
1796 728 1931 784 erat
1948 721 2170 784 adesse
2192 729 2365 784 tene-

143 816 322 894 braS,
359 816 488 880 nisi
536 819 760 882 abesse
809 818 1063 883 lucem?
1133 821 1341 904 Super
1389 821 1609 904 itaque
1650 831 1830 884 erant
1870 823 2168 899 tenebrae,
2212 823 2368 907 quia

147 939 348 1001 super
372 921 489 982 lux
519 921 767 997 aberat3
814 923 983 985 sicut
1025 944 1220 986 sonus
1251 924 1364 986 ubi
1392 944 1527 985 non
1570 930 1689 1000 est,
1720 923 2042 985 silentium
2073 932 2186 985 est.
2274 925 2367 986 Et

148 1015 314 1102 quid
360 1029 456 1083 est
498 1042 636 1084 esse
666 1022 760 1085 ibi
805 1023 1146 1100 silentium,
1175 1022 1301 1086 nisi
1335 1045 1561 1086 sonum
1605 1024 1698 1086 ibi
1741 1045 1873 1085 non
1903 1020 2079 1086 esse?
2129 1024 2365 1086 Nonne

146 1129 242 1197 tu,
301 1122 602 1199 Domine,
661 1124 942 1187 docuisti
998 1125 1168 1188 hanc
1195 1123 1224 1150 ¹*
1277 1125 1555 1188 animam
1616 1146 1762 1210 quae
1810 1124 1929 1188 tibi
1986 1117 2360 1188 confitetur?

147 1225 392 1288 Nonne
419 1234 508 1300 tu,
540 1227 842 1305 Domine,
875 1227 1150 1293 docuisti
1180 1251 1304 1306 me,
1335 1228 1512 1313 quod
1554 1230 1927 1314 priusquam
1956 1227 2143 1290 istam
2168 1228 2363 1291 infor-

148 1345 322 1387 mem
353 1325 678 1389 materiam
722 1327 1023 1390 formares
1054 1335 1248 1412 atque
1285 1328 1732 1410 distingueres,
1757 1349 1891 1390 non
1925 1336 2058 1391 erat
2086 1328 2363 1411 aliquid3

144 1447 280 1488 non
327 1428 524 1502 color,
553 1448 684 1488 non
722 1427 950 1509 figura,
976 1450 1109 1491 non
1149 1450 1403 1512 corpus,
1432 1451 1566 1491 non
1609 1428 1907 1512 spiritus?
1956 1431 2110 1492 Non
2152 1438 2364 1492 tamen

146 1529 415 1591 omnino
443 1529 607 1590 nihil
632 1552 646 1590 :
695 1536 827 1592 erat
857 1529 1153 1613 quaedam
1181 1529 1537 1593 informitas
1569 1531 1704 1594 sine
1734 1532 1867 1593 ulla
1896 1530 2130 1612 specie.

232 1633 296 1689 4.
347 1628 521 1701 Quid
552 1650 703 1710 ergo
733 1636 1083 1708 vocaretur,
1107 1651 1236 1713 quo
1267 1630 1458 1693 etiam
1489 1651 1679 1693 sensu
1707 1629 2091 1693 tardioribus
2112 1638 2361 1695 utcum-
2446 1653 2545 1704 lv.

143 1751 276 1814 que
305 1730 755 1807 insinuaretur,
776 1730 903 1792 nisi
931 1730 1170 1794 usitato
1201 1730 1420 1813 aliquo
1442 1729 1803 1794 vocabulo?
1850 1731 2024 1803 Quid
2056 1740 2266 1794 autem
2293 1732 2363 1794 in
2380 1717 2597 1830 33¹5„-

141 1831 452 1893 omnibus
479 1830 701 1894 mundi
743 1831 1033 1914 partibus
1069 1831 1330 1914 reperiri
1365 1838 1581 1914 potest
1615 1832 2040 1915 propinquius
2078 1833 2362 1896 informi-
2379 1845 2577 1894 visibili·

141 1931 264 1994 tati
297 1931 704 2008 omnimodae,
735 1953 928 2015 quam
959 1939 1123 1995 terra
1151 1940 1214 1995 et
1243 1933 1512 2014 abyssus
1540 1929 1562 1995 ?
1609 1931 1835 1994 Minus
1866 1932 2036 1996 enim
2068 1932 2363 2016 speciosa
2375 1909 2565 2040 ἔξω

141 2042 326 2109 sunt,
357 2055 476 2116 pro
506 2055 622 2096 suo
663 2033 865 2115 gradu
891 2033 1137 2111 infimo,
1169 2055 1360 2116 quam
1406 2041 1635 2097 caetera
1665 2033 1991 2116 superiora
2026 2033 2361 2121 perlucida
2376 2039 2486 2088 titt·

139 2143 212 2197 et
260 2135 594 2198 luculenta
642 2135 875 2197 omnia.
988 2135 1121 2199 Cur
1162 2155 1314 2215 ergo
1367 2155 1498 2196 non
1548 2133 1864 2216 accipiam
1904 2133 2359 2198 informitatem

138 2235 456 2314 materiae,
487 2257 679 2319 quam
713 2235 850 2298 sine
890 2236 1106 2318 specie
1151 2235 1413 2313 feceraS,
1441 2233 1612 2297 unde
1649 2236 2009 2317 speciosum
2050 2235 2359 2299 mundum

137 2336 411 2415 faceres,
459 2337 552 2400 ita
597 2337 931 2400 commode
981 2335 1352 2399 hominibus
1395 2336 1775 2413 intimatam,
1810 2344 1883 2398 ut
1932 2339 2361 2421 appellaretur

139 2446 328 2502 terra
357 2437 704 2502 invisibilis
732 2447 797 2502 et
824 2435 1296 2519 incomposita?

230 2544 294 2602 5.
342 2542 441 2604 Ut
469 2561 616 2604 cum
647 2541 716 2602 in
746 2538 864 2604 ea*
897 2539 1128 2624 quaerit
1157 2538 1460 2620 cogitatio
1499 2537 1660 2620 quid
1699 2559 1924 2602 sensus
1967 2539 2259 2621 attingat,
2290 2550 2355 2604 et
2451 2556 2518 2605 V.

139 2640 310 2704 dicit
325 2641 472 2721 sibi,
489 2644 530 2675 “
552 2644 702 2705 Non
721 2649 819 2705 est
833 2641 1262 2722 intelligibilis
1290 2641 1494 2703 forma
1523 2640 1692 2704 sicut
1719 2640 1871 2718 vita,
1892 2640 2060 2704 sicut
2075 2641 2352 2726 justitia,
2370 2619 2582 2750 3503?-

137 2744 304 2826 quia
327 2744 624 2808 materies
651 2752 751 2807 est
779 2765 1149 2827 corporum3
1194 2761 1403 2825 neque
1428 2741 1773 2818 sensibilis,
1798 2741 2103 2826 quoniam
2134 2742 2352 2827 quod'
2372 2755 2421 2796 ta
2441 2747 2573 2798 vide-

145 2845 445 2910 videatur
461 2857 524 2911 et
544 2847 718 2930 quod
739 2846 1048 2911 sentiatur
1068 2846 1139 2908 in
1157 2844 1468 2908 invisibili
1498 2854 1565 2907 et
1582 2845 2011 2930 incomposita
2030 2868 2163 2909 non
2192 2847 2352 2910 est:''
2372 2820 2577 2926 {32⁸2}

140 2947 304 3010 dum
333 2949 458 3012 sibi
487 2949 628 3012 haec
668 2947 828 3013 dicit
864 2949 1147 3011 humana
1186 2946 1516 3027 cogitatio,
1548 2955 1813 3009 conetur
1850 2969 1990 3010 eam
2021 2949 2123 3011 vel
2162 2969 2354 3012 nosse
2372 2940 2547 2991 formis.

137 3049 528 3130 ignorandO,
557 3051 658 3112 vel
687 3049 976 3131 ignorare
1004 3048 1350 3112 noscendo,

224 3155 288 3212 6.
335 3152 484 3231 Ego
522 3171 695 3228 ver0,
726 3150 1027 3227 Domine,
1058 3149 1113 3212 si
1151 3158 1357 3212 totum
1401 3148 1749 3213 confitear·
1782 3150 1902 3213 tibi
1950 3172 2057 3214 ore
2102 3173 2245 3214 meo
2288 3159 2353 3214 et
2439 3169 2532 3218 VI.

137 3256 392 3318 calamo
421 3277 587 3333 men,
610 3254 927 3338 quidquid
957 3254 1037 3317 de
1066 3254 1191 3318 ista
1218 3253 1484 3318 materia
1513 3254 1790 3318 docuisti
1812 3277 1936 3331 me,
1960 3256 2144 3342 cujus
2167 3264 2354 3319 antea
2371 3233 2589 3347 ἓξὲξ,

134 3377 377 3419 nomen
399 3355 663 3420 audiens
686 3365 752 3420 et
769 3377 901 3419 non
919 3356 1305 3436 intelligenS,
1323 3356 1727 3419 narrantibus
1748 3355 1906 3418 mihi
1931 3357 2058 3419 eis·
2079 3359 2191 3439 qui
2221 3378 2351 3420 non
2372 3362 2533 3438 Masi-

134 3457 343 3520 intelli
349 3466 586 3538 gerent,
607 3480 746 3522 eam
765 3479 913 3522 cum
936 3456 1272 3540 speciebus
1288 3456 1640 3518 innumeris
1658 3464 1724 3519 et
1741 3456 1933 3520 variis
1952 3457 2349 3538 cogitabam3
2368 3425 2563 3541 ξὲᾚζή.

137 3565 203 3620 et
229 3557 382 3620 ideo
419 3579 551 3621 non
590 3580 732 3622 eam
771 3558 1164 3639 cogitabam:
1211 3555 1416 3620 foedas
1456 3565 1520 3619 et
1557 3558 1893 3621 horribiles
1935 3557 2167 3622 formas
2208 3580 2350 3642 per·-
2367 3554 2428 3629 ‘¹9
2446 3563 2595 3632 ΨΜ·

136 3658 412 3722 turbatis
444 3657 776 3722 ordinibus
804 3660 1102 3721 volvebat
1133 3657 1402 3734 animUS,
1434 3657 1548 3720 sed
1586 3657 1819 3722 formas
1858 3667 2073 3722 tamen
2088 3683 2106 3736 ;
2150 3668 2215 3723 et
2253 3661 2349 3723 in·
2369 3635 2536 3743 32²3,-

135 3760 336 3822 forme
376 3761 806 3843 appellabam,
847 3782 980 3823 non
1026 3758 1201 3842 quod
1243 3769 1481 3822 careret
1529 3759 1749 3835 forma,
1790 3760 1904 3823 sed
1942 3761 2118 3843 quod
2156 3763 2353 3826 talem
2367 3747 2525 3862 233⁰·

134 3860 426 3936 haberet,
456 3868 549 3937 ut,
582 3860 638 3922 si
675 3869 1026 3944 appareret,
1054 3859 1385 3922 insolitum
1415 3867 1482 3922 et
1508 3859 1931 3942 incongruum
1962 3870 2353 3925 aversaretur

133 3983 364 4025 sensus
415 3984 618 4040 meus»,
666 3969 730 4026 et
781 3965 1262 4028 conturbaretur
1308 3963 1647 4025 infirmitas
1703 3963 1997 4026 hominis.
2110 3966 2348 4027 Verum

132 4063 396 4130 autem*
435 4065 597 4129 illud
643 4064 819 4149 quod
859 4066 1244 4148 cogitabam,
1279 4086 1410 4127 non
1451 4064 1810 4147 privatione
1856 4065 2063 4128 omnis
2109 4065 2346 4143 sormae,

130 4167 245 4230 sed
309 4167 791 4250 comparatione
848 4168 1290 4230 formosiorum
1348 4173 1484 4229 erat
1541 4163 1837 4228 informe:
1915 4174 1981 4229 et
2037 4165 2347 4230 suadebat

128 4290 281 4334 vera
324 4270 514 4347 ratio,
558 4276 632 4331 ut
673 4270 880 4332 omnis
925 4270 1141 4333 formae
1195 4269 1694 4353 qualescumque
1736 4268 2042 4354 reliquias
2085 4272 2345 4334 omnino

581 4498 605 4528 ⁸
641 4495 938 4553 Manicbaeis,
964 4495 1058 4546 vid.
1081 4512 1188 4561 sup.
1215 4495 1275 4543 ad
1298 4494 1332 4547 1.
1353 4493 1420 4544 iii.
1446 4497 1489 4558 §.
1519 4495 1595 4543 ll.
1618 4505 1663 4560 p.
1688 4495 1771 4544 34.
1793 4509 1841 4552 n,
1863 4511 1908 4543 c.

1187 4596 1230 4648 Q
1263 4584 1301 4639 2
