3042 5059
732 474 1452 542 CONFESSIONUM
1498 472 1784 543 LIBER
1827 476 1908 541 X.
2305 480 2424 541 189

237 650 413 692 enam
440 630 510 693 in
539 637 719 693 casto
752 628 1123 693 dormientis
1155 634 1412 707 affectu,
1440 652 1572 693 non
1604 638 1852 695 tantum
1879 630 1948 694 in
1977 629 2100 694 hac
2131 632 2283 710 vita,
2315 633 2429 695 sed

238 731 411 795 etiam
450 732 520 795 in
562 732 687 795 hac
732 738 940 809 aetate,
968 754 1101 795 non
1144 754 1449 813 magnum
1484 743 1585 797 est
1626 734 2074 817 omnipotenti,
2103 736 2217 819 qui
2257 739 2428 800 vales
2447 752 2572 816 Eph.
2595 753 2646 806 3,

219 834 431 914 facere
478 854 683 913 supra
727 854 922 917 quam
959 836 1251 913 petimus
1300 842 1366 897 et
1422 836 1865 915 intelliqimus.
1957 837 2154 901 Nunc
2214 845 2428 900 tamen
2443 818 2528 867 ²⁰·

236 935 295 997 in
338 932 531 1017 quid*
568 933 783 997 adhuc
830 934 953 997 sim
993 935 1063 996 in
1105 934 1235 999 hoc
1286 956 1515 1015 genere
1561 935 1714 998 mali
1764 935 1914 1013 mei,
1953 935 2097 999 dixi
2141 939 2426 1002 Domino

236 1036 389 1097 bono
418 1057 561 1099 meo
592 1038 933 1101 exsultans
959 1057 1106 1099 cum
1141 1044 1412 1099 tremore
1447 1037 1516 1099 in
1559 1058 1636 1100 eo
1667 1035 1846 1121 quod
1875 1036 2128 1101 donasti
2155 1039 2336 1117 mihi,
2365 1048 2430 1103 et
2451 1050 2530 1099 Ps.
2553 1052 2604 1108 2,

235 1140 445 1218 lugens
471 1138 541 1201 in
574 1160 653 1201 eo
685 1137 861 1223 quod
888 1138 1439 1216 inconsummatus
1478 1160 1641 1216 sum,
1673 1160 1936 1222 sperans
1949 1137 1979 1166 ⁴*
2002 1139 2428 1222 perfecturum
2452 1116 2525 1161 Η·

238 1247 292 1301 te
316 1241 381 1303 in
406 1263 507 1305 me
536 1240 1007 1305 misericordias
1047 1249 1191 1305 tuas
1228 1260 1433 1325 usque
1464 1241 1548 1305 ad
1577 1264 1804 1325 pacem
1832 1244 2204 1325 plenariam,
2236 1264 2429 1327 quam

239 1353 431 1405 tecum
479 1344 818 1406 habebunt
869 1342 1171 1407 interiora
1221 1350 1287 1407 et
1334 1342 1656 1407 exteriora
1705 1364 1872 1423 mea,
1923 1365 2070 1407 cum
2127 1344 2428 1426 absorpta
2453 1345 2471 1390 ¹
2502 1344 2614 1392 0⁰*-

221 1442 422 1523 sum-it
447 1464 620 1506 mors
647 1446 721 1507 in
750 1446 1109 1507 victoriam.
2453 1411 2528 1463 ,δ’
2554 1410 2636 1457 54.

312 1551 407 1609 43.
450 1548 579 1609 Est
595 1546 725 1610 alia
740 1548 1002 1609 malitia
1020 1548 1177 1624 diei,
1195 1568 1340 1630 quae
1359 1546 1606 1609 utinam
1625 1545 1913 1631 sufficiat
1929 1546 2008 1609 ei.
2075 1546 2430 1610 Reficimus
2459 1554 2653 1602 XXXI·

238 1646 393 1708 enim
416 1645 825 1730 quotidianas
846 1646 1065 1710 ruinas
1084 1646 1367 1729 corporis
1386 1645 1636 1709 edendo
1655 1655 1721 1710 et
1734 1646 2042 1725 bibendo,
2056 1648 2428 1731 priusquam
2444 1619 2643 1745 ἓξήῗθω

240 1770 394 1811 escas
422 1757 484 1812 et
511 1756 801 1811 ventrem
832 1748 1149 1826 destruas,
1180 1768 1325 1812 cum
1368 1746 1681 1809 occideris
1717 1746 2141 1827 indigentiam
2176 1745 2427 1811 meam*
2443 1754 2596 1817 tenta.

236 1849 504 1913 safietate
550 1848 845 1925 mirifica,
872 1856 957 1911 -et
993 1848 1413 1929 corruptibile
1454 1850 1572 1911 hoe
1613 1848 1908 1911 indueris
1948 1850 2430 1929 incorruptione
2445 1818 2594 1937 {gfff

241 1954 627 2035 sempiterna.
746 1954 941 2016 Nunc
1011 1960 1226 2015 autem
1296 1950 1511 2014 suavis
1568 1959 1668 2016 est
1720 1950 1882 2013 mihi
1938 1952 2312 2029 necessitati,
2367 1959 2432 2015 et
2449 1954 2572 2001 Mat.
2597 1956 2648 2012 6,

241 2052 526 2117 adversus
553 2054 745 2117 istam
790 2054 1168 2117 suavitatem
1205 2073 1428 2136 pugno
1467 2073 1551 2114 ne
1590 2052 1846 2135 capiar3
1893 2061 1958 2117 et
1985 2052 2429 2137 quotidianum
2447 2019 2598 2147 ³¹32&-
2613 2100 2646 2147 6

234 2153 454 2217 bellum
486 2176 640 2236 gero
670 2155 738 2217 in
757 2153 1049 2238 jejuniiS,
1081 2154 1319 2237 saepius
1348 2155 1417 2216 in
1449 2156 1822 2217 servitutem
1863 2154 2158 2233 rediqens
2199 2174 2430 2235 corpus
2450 2164 2530 2209 13.
2647 2132 2666 2159 ⁹

234 2275 463 2333 meum,
526 2262 599 2319 et
640 2254 894 2319 dolores
934 2254 1063 2317 mei
1108 2256 1435 2337 voluptate
1477 2256 1819 2337 pelluntur.
1909 2256 2083 2318 Nam
2123 2254 2324 2319 fames
2367 2264 2432 2319 et
2445 2242 2527 2355 ἐξ·
2556 2244 2632 2299 15,

237 2356 361 2420 sitis
402 2357 671 2441 quidam
706 2356 959 2419 dolores
998 2366 1189 2435 sunt3
1233 2364 1445 2436 urunt,
1476 2364 1542 2419 et
1573 2356 1742 2421 sicut
1773 2356 1988 2434 febriS,
2017 2364 2274 2437 necant,
2301 2356 2427 2419 nisi
2446 2342 2528 2434 lb:
2547 2387 2596 2442 9.

236 2457 673 2523 alimentorum
699 2457 1023 2523 medicina
1054 2467 1395 2523 succurrat.
1486 2458 1650 2531 Quae
1689 2458 1996 2541 quoniam
2035 2466 2274 2540 praesto
2305 2466 2424 2534 est,
2443 2450 2525 2499 27.

234 2577 309 2618 ex
336 2558 773 2622 consolatione
799 2579 1135 2621 munerum
1160 2566 1434 2635 tuorum,
1454 2557 1525 2619 in
1547 2556 1784 2638 quibus
1813 2564 2046 2618 nostrae
2074 2556 2430 2621 infirmitati

235 2667 381 2721 terra
407 2666 473 2722 et
501 2680 676 2743 aqua
704 2668 768 2721 et
798 2660 1031 2722 coelum
1063 2660 1364 2736 serviunt,
1395 2657 1726 2723 calamitas
1755 2655 2004 2719 deliciae
2033 2656 2402 2721 vocantur*.

311 2764 407 2820 44.
452 2762 609 2825 Hoc
648 2780 751 2822 me
794 2758 1097 2842 docuisti,
1135 2766 1206 2821 ut
1238 2756 1780 2843 quemadmodum
1811 2755 2294 2837 medicamenta,
2327 2758 2421 2821 sic

234 2859 517 2924 alimenta
548 2868 919 2943 sumpturus
946 2859 1267 2924 accedam.
1358 2858 1488 2922 Sed
1519 2857 1674 2920 dum
1703 2857 1785 2921 ad
1815 2857 2092 2941 quietem
2110 2859 2422 2923 satietatis
2539 2866 2542 2869 ’

232 2979 305 3022 ex
328 2960 699 3043 indigentiae
730 2962 1023 3025 molestia
1056 2969 1332 3039 transeo,
1361 2959 1431 3021 in
1472 2958 1618 3041 ipso
1661 2958 1932 3021 transitu
1963 2958 2124 3021 mihi
2156 2959 2420 3024 insidia-

230 3071 321 3125 tur
362 3066 634 3149 laqueus
684 3064 1243 3149 concupiscentiae.
1336 3064 1487 3146 Ipse
1548 3061 1718 3125 enim
1774 3059 2076 3124 transitus
2121 3062 2420 3145 voluptas

232 3170 340 3241 est,
366 3174 429 3229 et
465 3188 602 3229 non
641 3172 741 3229 est
777 3166 941 3229 alius
971 3183 1101 3248 qua
1126 3171 1481 3229 transeatur
1508 3160 1682 3248 quo*
1705 3162 1968 3225 transire
1997 3162 2174 3245 cogit
2196 3184 2417 3227 neces-

231 3264 389 3329 sitas.
475 3268 574 3331 Et
608 3287 755 3329 cum
794 3268 966 3330 salus
1010 3266 1095 3330 sit
1130 3288 1327 3330 causa
1354 3264 1590 3329 edendi
1619 3273 1684 3329 et
1708 3263 1994 3341 bibendi,
2025 3264 2321 3349 adjungit
2347 3288 2414 3329 se

228 3373 522 3452 tanquam
579 3367 967 3451 pedissequa
1022 3368 1383 3451 periculosa
1427 3365 1844 3450 jucunditas3
1920 3372 1984 3429 et
2039 3368 2416 3451 plerumque

230 3469 441 3549 praeire
471 3478 758 3547 conatur,
775 3475 848 3531 ut
862 3468 1000 3553 ejus
1030 3490 1225 3532 causa
1252 3468 1367 3531 fiat
1396 3467 1576 3552 quod
1605 3467 1828 3531 salutis
1857 3489 2052 3532 causa
2078 3490 2181 3532 me
2207 3470 2416 3535 facere

231 3571 325 3633 vel
351 3570 521 3649 dico,
540 3573 643 3635 vel
672 3572 839 3634 volo.
930 3573 1073 3635 Nec
1094 3570 1266 3634 idem
1282 3570 1512 3633 modus
1533 3570 1864 3655 utriusque
1893 3578 2017 3634 est:
2062 3593 2213 3635 nam
2243 3572 2420 3657 quod

230 3672 408 3735 saluti
459 3672 617 3737 satis
660 3682 780 3748 est,
819 3671 1227 3736 delectationi
1264 3692 1492 3755 parum
1541 3680 1655 3736 est.
1742 3673 1836 3736 Et
1885 3694 2058 3756 saepe
2105 3673 2418 3737 incertum

232 3771 299 3837 fit
342 3782 555 3837 utrum
601 3772 811 3837 adhuc
862 3772 1219 3837 necessaria
1275 3773 1561 3855 corporis
1606 3794 1758 3837 cura
1816 3774 2172 3836 subsidium
2217 3780 2416 3855 petat,

231 3895 306 3937 an
337 3875 701 3959 voluptaria
736 3875 1109 3959 cupiditatis
1150 3874 1403 3938 fallacia
1442 3874 1864 3937 ministerium
1907 3882 2223 3957 suppetat.
2312 3874 2417 3936 Ad

230 3974 343 4041 hoc
362 3977 679 4041 incertum
696 3976 1023 4041 hilarescit
1040 3976 1268 4039 infelix
1290 3975 1523 4052 anima,
1545 3986 1610 4037 et
1629 3973 1698 4034 in
1721 3994 1798 4035 eo
1817 3981 2134 4056 praeparat
2147 3994 2414 4037 excusa-

227 4074 411 4140 tionis
438 4078 885 4160 patrocinium,
910 4076 1197 4159 gaudens
1224 4096 1355 4138 non
1384 4093 1690 4158 apparere
1717 4072 1878 4156 quid
1906 4074 2061 4136 satis
2091 4073 2173 4136 sit
2199 4072 2415 4137 mode-

225 4178 447 4241 rationi
504 4178 914 4256 valetudinis,
966 4186 1040 4242 ut
1096 4179 1361 4241 obtentu
1418 4174 1640 4239 salutis
1700 4174 2036 4237 obumbret
2088 4175 2416 4255 negotium

226 4280 585 4363 voluptatis,
695 4281 825 4343 His
882 4280 1343 4345 tentationibus
1401 4275 1688 4361 quotidie
1747 4295 1947 4339 conor
1998 4277 2308 4353 resistere,
2353 4285 2418 4339 et

226 4378 449 4445 invoco
502 4381 831 4446 dexteram
876 4380 1097 4447 tuam*
1140 4390 1207 4443 et
1251 4380 1336 4443 ad
1392 4388 1455 4443 te
1504 4376 1708 4441 refero
1766 4386 1960 4443 aestus
2015 4399 2216 4458 meOS,
2263 4379 2418 4463 quia

228 4481 558 4545 consilium
585 4483 747 4547 mihi
774 4484 855 4546 de
882 4483 1007 4547 hac
1034 4504 1103 4545 re
1131 4478 1417 4544 nondum
1446 4486 1587 4542 stat.

310 4587 410 4643 45,
460 4584 667 4645 Audio
697 4604 916 4647 vocem
939 4581 1231 4665 jubentis
1260 4579 1389 4641 Dei
1432 4578 1593 4640 mei:
1641 4581 1790 4641 Non
1827 4588 2182 4660 yraventur
2215 4580 2412 4643 corda
2429 4578 2546 4687 {2¹0⁰-
2571 4578 2650 4629 ²¹⁹
