3042 5059
668 381 1388 447 CONFESSIONUM
1431 379 1720 446 LIBER
1760 380 1955 444 XIII.
2279 383 2400 444 261

183 532 390 596 Idem
432 555 710 620 namque
745 536 876 600 illis
919 537 1069 600 finis
1109 543 1206 600 est
1247 537 1615 620 temporalis
1650 543 1716 600 et
1752 542 2014 598 terrenae
2057 534 2401 612 felicitatis,
2419 557 2568 618 mere,
2603 607 2614 619 .

179 631 466 716 propter
491 655 684 718 quam
719 635 963 700 faciunt
992 637 1241 715 omnia3
1289 635 1581 720 quamvis
1623 634 2072 698 innumerabili
2099 636 2400 698 varietate
2418 607 2645 721 321⁶}ss

187 758 500 800 curarum
557 739 887 808 fluctuent.
975 741 1161 818 Quis,
1212 739 1514 816 Domine,
1563 738 1689 801 nisi
1752 746 1821 801 tu
1878 738 1990 820 qui
2050 737 2275 801 dixisti
2333 745 2407 801 ut
2426 735 2627 848 plicaltuf

184 847 746 918 conyreyarentur
787 861 970 922 aquae
1008 841 1082 902 in
1123 840 1674 921 conyreqationem
1703 859 1927 915 unam,
1956 846 2021 900 et
2061 844 2407 918 appareret
2424 803 2620 913 ¹3³erss

187 939 420 1014 arida,
450 940 676 1000 sitiens
705 939 826 1001 tibi
847 937 880 999 ,9
973 940 1290 1010 Quoniam
1319 947 1504 1002 tuum
1541 946 1635 1001 est
1676 944 1741 1000 et
1767 959 1970 1016 mare,
2000 947 2065 999 et
2094 946 2167 1000 tu
2175 940 2409 1020 fecisti
2423 937 2499 1040 ἔξ
2521 937 2615 977 ‘m
2614 947 2645 976 ‘⁸

185 1039 394 1115 illud,
438 1047 504 1101 et
551 1040 814 1102 aridam
873 1048 1116 1103 terram
1176 1061 1411 1102 manus
1467 1046 1595 1102 tuae
1631 1039 2091 1120 formaverunt
2108 1062 2131 1107 ‚-
2194 1058 2407 1122 neque
2423 1024 2645 1122 Ps.⁰94,5.

193 1140 378 1202 enim
406 1141 760 1205 amaritudo
780 1143 1200 1220 voluntatum,
1223 1140 1338 1205 sed
1366 1143 1763 1223 conqreyatio
1791 1159 2113 1223 aqu-arum
2142 1147 2407 1203 vocatur
2427 1137 2641 1196 Ps.62,2.

190 1261 394 1304 mare.
485 1243 590 1304 Tu
627 1242 798 1306 enim
839 1263 1095 1306 coerces
1133 1243 1325 1306 etiam
1361 1242 1565 1304 malas
1606 1239 1993 1324 cupiditates
2032 1239 2403 1319 animarum,

196 1348 265 1404 et
308 1340 462 1422 figis
503 1341 739 1405 limites
782 1363 1106 1426 quousque
1148 1340 1450 1427 progredi
1493 1342 1801 1417 sinantur,
1837 1336 2082 1424 atque*
2114 1348 2193 1402 ut
2227 1343 2301 1403 in
2339 1362 2404 1404 se
2422 1349 2517 1400 sob
2540 1349 2623 1405 38,

196 1444 733 1506 comminuantur
758 1444 1023 1524 fluctus
1063 1452 1290 1506 earum
1308 1467 1332 1512 ,-
1396 1449 1589 1525 atque
1630 1440 1723 1504 ita
1761 1440 1922 1503 facis
1965 1461 2139 1504 mare
2183 1440 2403 1505 ordine
2426 1415 2500 1465 ¹⁰·
2523 1416 2599 1462 ¹¹⁹

197 1541 458 1624 imperii
489 1543 587 1606 tui
617 1564 808 1630 super
835 1542 1050 1606 omnia
1059 1551 1099 1605 ⁸.

287 1646 394 1704 21.
438 1644 527 1706 At
569 1644 814 1708 animas
851 1646 1142 1708 sitientes
1183 1643 1325 1720 tibi,
1369 1650 1436 1706 et
1476 1651 1863 1724 apparentes
1910 1643 2051 1721 tibi,
2098 1644 2226 1708 alio
2274 1643 2403 1706 fine

201 1741 546 1807 distinctas
577 1766 616 1808 a
655 1745 960 1809 societate
997 1744 1209 1822 marie,
1239 1744 1492 1807 occulto
1534 1750 1599 1806 et
1634 1741 1811 1806 dulci
1846 1742 2019 1806 fonte
2056 1743 2303 1824 irrigaS,
2331 1751 2407 1806 ut

200 1850 268 1904 et
286 1851 469 1906 terra
487 1845 596 1908 det
590 1847 899 1928 fructum
921 1867 1110 1908 suum
1125 1841 1170 1906 ’.-
1201 1852 1267 1908 et
1281 1843 1392 1906 dat
1405 1844 1679 1907 fructum
1698 1865 1883 1906 suum
1898 1840 1950 1920 ⁵,
1962 1851 2047 1921 et,
2065 1852 2127 1907 te
2133 1843 2405 1927 jubente

197 1944 490 2008 Domino
519 1947 666 2008 Deo
707 1967 846 2024 sue,
877 1947 1189 2027 germinat
1215 1945 1428 2008 anima
1467 1951 1685 2008 nostra
1723 1964 1917 2027 opera
1954 1943 2403 2008 misericordiae

198 2049 556 2110 secundum
604 2069 807 2128 yemis
821 2075 846 2118 ,·
910 2049 1186 2131 diligens
1233 2048 1600 2131 proximum
1650 2048 1720 2108 in
1773 2047 2078 2111 subsidiis
2126 2047 2404 2111 necessi-

201 2156 409 2211 tatum
431 2149 802 2228 carnalium,
821 2149 1058 2212 habens
1085 2153 1156 2212 in
1179 2171 1243 2212 se
1263 2169 1476 2211 semen
1495 2148 1846 2210 secundum
1866 2148 2362 2210 similitudinem
2376 2173 2399 2216 ,-

203 2250 511 2332 quoniam
552 2271 636 2312 ex
673 2257 891 2313 nostra
925 2251 1291 2313 infirmitate
1329 2248 1753 2332 compatimur
1780 2246 1863 2311 ad
1902 2247 2406 2310 subveniendum

201 2350 667 2431 indigentibuS,
697 2351 984 2414 similiter
1013 2352 1401 2435 opitulantes
1430 2348 1966 2433 quemadmodum
1995 2349 2185 2410 nobis
2212 2349 2404 2412 velle-

205 2471 348 2514 mus
377 2471 566 2533 opem
594 2451 761 2528 ferri,
792 2453 846 2514 si
877 2450 1101 2514 eodem
1141 2451 1334 2513 modo
1371 2448 1838 2530 indigeremus3
1883 2469 2014 2510 non
2052 2456 2297 2511 tantum
2337 2449 2405 2509 in

202 2551 523 2628 facilibus,
543 2559 848 2634 tanquam
875 2552 944 2614 in
983 2550 1180 2614 herba
1207 2551 1529 2625 seminali,
1551 2546 1663 2611 sed
1692 2548 1884 2610 etiam
1912 2549 1982 2610 in
2010 2550 2405 2631 protectione
2441 2580 2448 2590 ·

206 2651 526 2735 adjutorii,
583 2652 730 2714 forti
785 2654 1034 2730 robore,
1093 2651 1260 2714 sicut
1316 2651 1563 2730 liynum
1609 2649 2049 2732 fructiferum
2067 2674 2090 2719 ;
2160 2649 2232 2712 id
2288 2659 2404 2728 est,

203 2750 609 2816 beneficum*
631 2752 716 2816 ad
743 2745 1138 2834 eripiendum
1167 2772 1312 2813 eum
1345 2750 1458 2832 qui
1486 2748 1782 2834 injuriam
1809 2749 2071 2832 patitur,
2101 2748 2181 2812 de
2210 2772 2405 2814 manu

206 2853 508 2935 potentiS,
537 2861 602 2914 et
626 2851 974 2936 praebendo
1002 2849 1418 2934 protectionis
1457 2849 1901 2913 umbraculum
1930 2849 2143 2912 valido
2179 2852 2403 2919 robore

198 2951 360 3034 justi
376 2952 626 3037 judicii.
2442 3002 2468 3034 e

295 3059 396 3116 22.
419 3055 524 3117 Ita
538 3054 840 3134 Domine,
856 3055 968 3131 ita,
984 3075 1094 3116 oro
1111 3060 1196 3130 te,
1208 3055 1482 3128 oriatur,
1497 3051 1687 3114 sicuti
1704 3052 1885 3128 faciS,
1900 3053 2089 3114 sicuti
2108 3053 2223 3115 das
2242 3053 2402 3116 hila·
2436 3067 2642 3117 XVIII.

206 3156 453 3219 ritatem
474 3163 539 3218 et
551 3154 938 3234 facultatem,
957 3157 1212 3217 oriatur
1233 3154 1311 3216 de
1329 3161 1506 3216 terra
1523 3155 1784 3229 veritae,
1795 3161 1859 3214 et
1864 3152 2141 3235 justitia
2158 3154 2237 3216 de
2254 3157 2403 3216 coelo
2421 3131 2646 3244 isseffissnt

207 3257 532 3336 respiciat,
551 3263 615 3318 et
611 3257 807 3337 fiant
826 3258 898 3317 in
904 3257 1337 3337 firmamento
1354 3255 1732 3316 luminaria.
1779 3252 2187 3334 Franyamits
2202 3257 2403 3317 esuri·
2422 3261 2619 3308 lumina-

210 3382 283 3422 en
291 3362 344 3421 ti
350 3379 594 3439 panem
613 3367 923 3436 nostrum,
939 3365 1003 3421 et
1019 3377 1284 3438 eyenum
1305 3359 1443 3420 sine
1466 3364 1629 3420 tecto
1647 3357 2035 3419 inducamus
2054 3359 2126 3419 in
2148 3359 2403 3422 domum
2424 3332 2642 3446 ’ρ’ἶξῖῗζι,

209 3465 489 3520 nostram
509 3483 532 3527 ;
580 3457 828 3519 nudum
869 3459 1234 3532 vestiarum,
1264 3461 1329 3517 et
1363 3455 1732 3518 domesticos
1760 3458 2020 3518 seminis
2048 3461 2254 3520 nostri
2280 3479 2406 3521 non
2423 3452 2638 3565 ffiivtfflig

2420 3581 2487 3629 tia
2509 3581 2631 3628 inter

211 3653 318 3702 ergo
338 3639 573 3704 perventio
597 3639 646 3687 in
664 3639 804 3688 finem
823 3637 1002 3687 saeeuli.
1076 3635 1266 3684 Interim
1333 3634 1478 3698 spinis
1520 3636 1661 3700 plena
1700 3643 1824 3684 erat:
1880 3638 2076 3686 accessit
2124 3638 2403 3688 eradicantis
2418 3645 2542 3692 diem
2561 3653 2609 3692 et

211 3702 332 3750 intra
357 3703 461 3767 ipsa
495 3702 626 3759 retia,
661 3704 860 3757 Fratres,
883 3704 1002 3751 bene
1034 3701 1265 3748 vivamus:
1335 3714 1518 3755 manus,
1543 3701 1736 3748 accessit
1757 3701 1937 3749 vocatio
1960 3703 2213 3766 majestatis
2230 3703 2333 3766 ejus
2355 3711 2403 3751 et
2420 3716 2619 3758 noctem,

210 3782 302 3814 non
354 3766 474 3814 retia
524 3775 788 3832 rumpentes
833 3767 956 3815 foras
1001 3762 1271 3814 exeamus.'’
1335 3762 1677 3821 misericor-dim,
1700 3764 1845 3828 coepit
1864 3774 1984 3814 terra
2008 3774 2022 3794 ‘
2044 3767 2285 3824 confiteri,'
2301 3766 2399 3830 jam
2423 3783 2499 3832 ps,
2523 3783 2586 3830 34

213 3831 336 3894 Aug.
357 3829 406 3878 in
432 3831 512 3879 Ps.
535 3832 618 3886 64,
641 3833 690 3879 6.
713 3832 755 3892 §.
778 3832 824 3879 9.
1337 3832 1351 3854 ⁸
1375 3827 1458 3874 dat
1476 3834 1595 3875 terra
1622 3828 1823 3875 fructum
1858 3831 2032 3877 sunm?
2097 3831 2248 3878 Daret
2274 3832 2399 3878 fruc·
2424 3849 2499 3895 12·
2589 3817 2603 3838 ⁹

275 3900 298 3928 θ
331 3895 464 3942 Deus
481 3894 648 3958 -itaque
677 3909 818 3959 super
843 3893 1017 3948 omnia,
1041 3891 1122 3956 qui
1155 3906 1267 3939 con·
1335 3897 1436 3938 tum
1457 3905 1612 3948 suum,
1637 3891 1723 3938 nisi
1742 3900 1850 3940 ante
1872 3893 2241 3958 complueretur?
2295 3895 2397 3940 Da-

212 3959 324 4007 didit
351 3957 526 4014 omnia,
547 3967 595 4006 et
617 3959 729 4022 regit
751 3958 926 4010 omnia,
949 3971 1110 4005 omnes
1138 3964 1271 4003 natu-
1335 3962 1407 4000 ret
1425 3961 1547 4002 terra
1570 3954 1769 4002 fructum
1792 3971 1947 4013 suum,
1970 3956 2056 4003 nisi
2084 3957 2399 4004 misericordia

214 4037 288 4070 ras
300 4023 450 4070 bonus
467 4030 625 4079 creat3
661 4037 823 4071 omnes
835 4022 1099 4069 voluntates
1122 4019 1272 4068 ‘ustus
1337 4017 1431 4065 Dei
1449 4017 1626 4065 veniret
1647 4017 1844 4080 desuper
1854 4019 2065 4082 't--Ergo
2096 4019 2187 4066 hoc
2220 4019 2395 4067 sactum

211 4087 401 4134 ordinat.
459 4086 587 4149 Aug.
620 4087 680 4134 de
713 4087 839 4134 Gen.
879 4086 938 4133 ad
975 4085 1068 4133 Lit.
1129 4119 1142 4133 .
1175 4082 1272 4131 viii.
1335 4087 1426 4136 est,
1463 4081 1529 4129 ibi
1570 4081 1759 4144 pluente
1801 4081 2005 4128 Domino
2046 4098 2128 4146 per
2157 4097 2209 4130 os
2241 4099 2395 4138 suum,

212 4163 251 4197 c.
273 4151 318 4196 9.
353 4149 447 4197 vid.
469 4165 574 4212 sup.
596 4150 632 4198 l.
667 4149 700 4201 i.
723 4166 768 4199 c.
795 4150 870 4196 10.
893 4165 941 4214 p.
961 4150 1009 4197 9.
1030 4164 1079 4196 ιι.
1101 4147 1133 4196 i.
1170 4147 1202 4194 l.
1228 4164 1274 4196 v.
1338 4145 1462 4192 sacta
1499 4152 1609 4192 sunt
1650 4159 1757 4207 quae
1795 4144 1993 4208 legimus
2023 4144 2071 4192 in
2112 4147 2397 4210 Evangeli03

215 4229 256 4263 c.
276 4215 323 4261 2.
341 4229 386 4277 p.
410 4214 492 4261 63.
516 4230 566 4261 n.
589 4213 636 4262 d.
1338 4223 1432 4272 quo
1452 4209 1646 4272 pluente
1669 4224 1751 4273 per
1771 4210 1918 4258 nubes
1938 4225 2062 4264 suae,
2086 4209 2232 4258 missis
2266 4213 2398 4274 Apo-

275 4273 297 4310 f
325 4285 356 4304 ‘⁶
379 4285 394 4306 ‘
418 4278 744 4325 confiteantur
779 4276 864 4324 tibi
897 4275 1077 4340 populi,
1119 4275 1274 4332 Deus,
1335 4272 1480 4325 stolis,
1514 4281 1563 4320 et
1596 4272 1956 4336 praedicamibus
1992 4273 2249 4329 veritatem,
2277 4283 2397 4322 terra

211 4342 509 4390 confiteantur
530 4342 613 4389 tibi
634 4339 795 4405 populi
815 4357 992 4394 omnes,
1005 4348 1125 4388 terra
1144 4337 1270 4387 dedit
1333 4336 1535 4401 amplius
1554 4336 1681 4384 dedit
1702 4336 1901 4385 fructum
1924 4353 2078 4392 suum,
2094 4345 2143 4385 et
2158 4337 2249 4386 ista
2268 4352 2399 4400 seges

210 4405 404 4454 fructum
415 4407 589 4453 suum!
621 4408 776 4463 Quem
799 4404 1029 4454 ‘fructum
1043 4403 1076 4450 2·
1113 4409 1126 4430 ⁸
1143 4403 1268 4452 Con·
1330 4401 1430 4466 jam
1452 4399 1661 4464 implevit
1680 4401 1839 4450 orbem
1862 4401 2137 4450 terrarum.''
2189 4401 2313 4472 Aug.
2337 4403 2397 4458 ad

215 4471 419 4518 fiteantur
440 4468 524 4519 tibi
546 4469 709 4536 populi
732 4470 924 4520 omnes:
986 4469 1133 4516 Terra
1153 4474 1270 4526 erat,
1341 4466 1416 4517 Ps.
1439 4465 1520 4524 66,
1546 4467 1595 4514 6.
1620 4465 1659 4527 §.
1689 4465 1737 4517 8.
2278 4469 2281 4471 ’
