3042 5059
619 417 1340 482 CONFESSIONUM
1385 417 1671 481 LIBER
1715 420 1837 480 IX.
2208 423 2329 480 165

191 579 298 636 32.
350 575 528 638 Cum
580 595 730 638 ecce
777 595 1012 656 corpus
1071 575 1308 635 elatum
1365 579 1464 635 est
1477 571 1529 649 ⁸,
1579 573 1799 651 imus⁸,
1846 573 2129 636 redimus
2190 574 2329 636 sine

107 675 432 757 lacrymis.
496 676 668 738 Nam
696 695 907 757 neque
935 675 1004 735 in
1033 673 1128 736 eis
1154 673 1485 756 precibust
1515 695 1677 756 quas
1708 673 1827 734 tibi
1854 673 2158 750 fudimUS,
2178 669 2325 737 cum

111 778 442 837 offerretur
469 797 590 858 pro
619 796 696 838 ea
727 774 1113 838 sacrificium
1141 775 1329 859 pretii
1349 775 1573 852 nostri,
1598 773 1730 858 jam
1751 774 1945 859 juxta
1963 775 2325 857 sepulcrum

112 878 319 962 posito
352 878 690 956 cadavere,
720 879 1094 961 priusquam
1126 877 1569 962 deponeretur,
1602 877 1929 941 sicut-illic
1972 876 2111 939 fieri
2141 879 2326 953 solet,

114 1001 226 1043 nec
256 979 327 1041 in
359 979 460 1042 eis
491 1000 612 1059 ego
641 979 942 1062 precibus
971 979 1148 1042 flevi:
1199 979 1312 1042 sed
1342 987 1478 1042 toto
1512 979 1617 1041 die
1650 978 1922 1060 graviter
1964 979 2033 1040 in
2072 980 2326 1042 occulto

117 1088 380 1143 moestus
423 1101 622 1157 eram,
653 1088 718 1143 et
744 1088 956 1142 mente
995 1081 1250 1143 turbata
1287 1080 1593 1161 rogabam
1633 1087 1719 1156 te,
1748 1086 1823 1140 ut
1853 1086 2166 1161 poteram,
2197 1100 2326 1162 quo

121 1202 370 1246 sanares
429 1181 720 1244 dolorem
778 1203 1014 1257 meum,
1057 1203 1179 1244 nec
1230 1181 1547 1257 faciebas;
1614 1179 1825 1257 cred0,
1872 1179 2329 1243 commendans

119 1282 436 1346 memoriae
481 1304 668 1359 meae,
697 1283 798 1344 vel
827 1283 952 1345 hoc
983 1303 1114 1343 uno
1155 1280 1564 1358 document0‚
1593 1281 1804 1344 omnis
1845 1279 2329 1344 consuetudinis

123 1384 462 1460 vinculum,
495 1385 689 1448 etiam
720 1382 1023 1446 adversus
1051 1389 1330 1445 mentem
1360 1404 1506 1466 quae
1527 1381 1667 1464 jam
1696 1404 1829 1446 non
1875 1381 2088 1445 fallaci
2134 1379 2329 1444 verbo

125 1482 464 1569 pascitur*.
557 1485 784 1546 Visum
835 1483 1028 1546 etiam
1077 1483 1239 1545 mihi
1291 1491 1390 1546 est
1437 1490 1511 1545 ut
1560 1483 1717 1546 irem
1772 1484 2055 1545 lavatum
2070 1505 2087 1558 3
2155 1482 2330 1566 quod

128 1587 442 1650 audieram
481 1585 637 1648 inde
679 1585 930 1648 balneis
969 1605 1204 1647 nomen
1247 1583 1545 1661 inditum,
1582 1585 1737 1668 quia
1778 1585 1993 1648 Graeci
2037 1584 2333 1660 βαλανεῖον

131 1688 415 1764 dixerint,
470 1686 652 1770 quod
699 1686 1092 1749 anxietatem
1142 1686 1345 1768 pellat
1389 1707 1475 1748 ex
1522 1687 1755 1750 animo.
1845 1687 2024 1748 Ecce
2084 1694 2149 1749 et
2203 1687 2329 1749 hoc

131 1789 426 1852 confiteor
451 1786 908 1851 misericordiae
939 1794 1088 1863 tuae,
1120 1789 1328 1849 Pater
1357 1789 1814 1866 orphanorum,
1846 1786 2151 1871 quoniam
2177 1788 2329 1862 lavi,
2346 1805 2422 1855 Ps.
2454 1807 2534 1863 67,

133 1899 190 1953 et
218 1890 354 1952 talis
383 1911 564 1952 eram
597 1889 805 1973 qualis
834 1887 1212 1972 priusquam
1238 1887 1559 1950 lavissem.
1650 1889 1883 1970 Neque
1923 1887 2094 1949 enim
2132 1907 2329 1962 exsu-
2344 1870 2393 1918 ⁶·

131 1990 295 2052 davit
322 1988 402 2052 de
435 1988 633 2053 corde
670 2009 813 2052 meo
852 1988 1142 2051 moeroris
1187 1987 1562 2051 amaritudo.
1653 1986 1909 2051 Deinde
1954 1987 2226 2050 dormivi
2268 1995 2334 2050 et

134 2090 436 2172 evigilavi,
483 2097 552 2154 et
591 2112 723 2153 non
765 2110 964 2173 parva
1007 2109 1091 2152 ex
1134 2095 1316 2173 parte
1374 2089 1737 2170 mitigatum
1783 2089 2003 2152 inveni
2050 2088 2333 2150 dolorem

135 2213 362 2268 meum3
428 2200 628 2275 atque
672 2199 744 2254 ut
787 2212 956 2253 eram
1002 2190 1072 2252 in
1113 2191 1284 2254 lecto
1342 2211 1486 2252 meo
1538 2192 1736 2271 solus,
1779 2189 2147 2254 recordatus
2192 2211 2333 2252 sum

137 2293 434 2357 veridicos
463 2315 689 2357 versus
719 2291 1042 2356 Ambrosii
1073 2291 1195 2356 tui:
1245 2299 1314 2354 tu
1343 2312 1414 2354 es
1445 2291 1617 2355 enim

766 2461 912 2511 Deus
940 2469 1147 2512 creator
1170 2461 1426 2523 omnium,

693 2547 909 2614 Polique
933 2555 1128 2610 rector,
1152 2547 1384 2598 vestiens

697 2633 855 2684 Diem
881 2634 1073 2684 decoro
1097 2632 1316 2697 lumine,
1394 2640 1398 2648 '

698 2719 926 2770 Noctem
953 2719 1157 2787 soporis
1175 2721 1204 2752 *
1231 2719 1430 2789 gratia:

763 2805 929 2856 Artus
955 2805 1156 2856 solutos
1182 2813 1242 2855 ut
1266 2806 1414 2873 quies

694 2891 900 2941 Reddat
931 2889 1124 2942 laboris
1150 2891 1288 2951 usui,

694 2979 1008 3044 Mentesque
1033 2975 1202 3027 fessas
1228 2975 1438 3039 allevet,

693 3066 996 3132 Luctusque
1021 3065 1190 3116 solvat
1213 3065 1414 3117 anxios,

225 3219 316 3279 33.
361 3219 578 3301 Atque
621 3217 773 3280 inde
815 3219 1128 3301 paulatim
1167 3218 1555 3282 reducebam
1589 3218 1658 3280 in
1696 3219 2039 3302 pristinum
2079 3241 2335 3283 sensum

155 3319 426 3381 ancillam
456 3327 657 3396 tuam,
689 3320 1364 3403 conversationemque
1394 3319 1533 3403 ejus
1559 3320 1737 3402 piam
1765 3321 1835 3382 in
1866 3328 1950 3396 te,
1983 3329 2047 3383 et
2076 3320 2334 3385 sancte‘

157 3419 212 3480 in
235 3441 344 3482 nos
369 3419 679 3483 blandam
706 3429 898 3504 atque
926 3422 1326 3503 morigeram,
1359 3443 1490 3505 qua
1520 3422 1736 3484 subito
1781 3421 2122 3485 destitutus
2162 3445 2335 3498 sum3

158 3528 210 3581 et
230 3520 408 3584 libuit
431 3523 586 3586 flere
615 3521 685 3584 in
714 3530 1069 3606 conspectu
1095 3531 1208 3586 tuo
1241 3522 1320 3585 de
1348 3523 1461 3586 illa
1489 3530 1554 3586 et
1580 3543 1696 3606 pro
1724 3523 1857 3602 illa,
1888 3523 1967 3586 de
1997 3546 2099 3587 me
2131 3535 2194 3587 et
2221 3546 2339 3608 pro

161 3643 262 3684 me.
323 3624 412 3684 Et
440 3622 657 3685 dimisi
683 3624 999 3706 lacrymas
1031 3645 1191 3707 quas
1221 3623 1652 3700 continebam,
1673 3632 1747 3686 ut
1774 3624 2105 3687 effluerent
2135 3646 2339 3708 quan-

162 3729 276 3783 tum
301 3724 556 3802 vellent,
587 3725 998 3788 substernens
1037 3745 1146 3786 eas
1191 3723 1370 3786 cordi
1406 3745 1549 3786 meo
1566 3747 1583 3800 3
1646 3733 1711 3788 et
1744 3726 2030 3808 requievi
2073 3726 2143 3787 in
2180 3725 2273 3788 eis
2286 3723 2339 3802 ⁴⁸,

165 3823 434 3903 quoniam
462 3823 559 3887 ibi
589 3835 766 3888 erant
796 3845 981 3888 aures
1010 3834 1161 3904 tuae,
1181 3846 1313 3887 non
1343 3823 1444 3908 cuj
1453 3845 1726 3908 usquam
1754 3825 2035 3889 hominis
2066 3828 2339 3909 superbe

164 3921 598 4006 interpretantis
636 3927 956 4008 ploratum
998 3947 1230 3988 meum.
1319 3927 1411 3988 Et
1449 3947 1645 4004 nunc,
1685 3926 1986 4002 Domine,
2031 3927 2373 3990 confiteor

164 4022 259 4086 tibi
285 4025 350 4086 in
373 4025 619 4088 litteriS.
711 4028 918 4107 Legat
961 4027 1072 4111 qui
1101 4027 1294 4104 volet,
1325 4034 1391 4090 et
1423 4026 1873 4108 interpretetur
1913 4034 1987 4088 ut
2025 4029 2231 4104 volet3
2278 4037 2343 4091 et

166 4123 210 4184 si
232 4134 554 4206 peccatum
583 4128 920 4207 invenerit,
950 4129 1204 4192 flevisse
1233 4149 1336 4190 me
1365 4135 1635 4190 matrem
1664 4127 1905 4208 exigua
1931 4136 2111 4210 parte
2140 4129 2340 4207 horae,

223 4297 238 4324 ⁸
267 4295 474 4351 Effertur,
495 4297 636 4354 imus,
659 4297 766 4345 Ter.
791 4295 946 4345 Andr.
963 4296 997 4344 i.
1026 4298 1070 4344 1.
1088 4297 1170 4345 90.
1269 4295 1322 4344 os
1358 4295 1558 4345 Rome.”
1609 4296 1673 4345 cf.
1708 4295 1960 4361 Bingham,
1997 4298 2163 4361 Antiq.
2193 4298 2226 4345 1.
2264 4316 2341 4348 xv.

220 4359 236 4390 ῑ
268 4358 418 4409 Preces
437 4377 521 4427 pro
541 4362 734 4409 mortuis
750 4360 957 4424 dogmati
979 4361 1206 4409 Ecclesiae
1270 4377 1313 4409 c.
1341 4363 1389 4408 3.
1414 4361 1457 4423 §.
1485 4362 1558 4408 16.
1600 4360 1634 4408 l.
1658 4361 1787 4410 xxiii.
1810 4377 1854 4410 c.
1876 4364 1925 4410 3.
1950 4363 1991 4422 §.
2019 4364 2096 4411 13.
2132 4363 2343 4430 Collyer,

177 4421 368 4472 Romanae
382 4427 438 4474 de
453 4425 727 4487 Purgatorio
740 4425 865 4474 haud
879 4425 1207 4482 favere,immo
1272 4431 1303 4451 ‘⁶
1327 4425 1461 4474 Eccl.
1509 4423 1630 4473 Hist.
1668 4424 1720 4473 os
1746 4427 1895 4474 Great
1929 4426 2161 4482 Britain,”
2197 4445 2244 4493 p.
2289 4429 2341 4478 ii.

175 4487 334 4535 omnino
363 4491 608 4546 adversari,
631 4489 723 4538 vid.
755 4489 878 4538 inter
909 4489 1043 4546 alios,
1069 4489 1202 4544 Bun,
1268 4490 1316 4536 b.
1337 4490 1398 4538 iv.
1420 4506 1467 4554 p.
1485 4491 1602 4539 257.
1648 4489 1820 4545 Usher,
1838 4490 2043 4540 Answer
2059 4499 2105 4539 to
2124 4507 2153 4540 a
2173 4494 2344 4544 Jesuit.

183 4549 306 4600 Setm.
327 4553 372 4602 3.
390 4562 436 4602 et
455 4561 488 4582 ‘⁶
513 4555 816 4620 Corruptions
836 4554 888 4602 of
908 4554 986 4602 the
1011 4553 1202 4604 Church
1271 4553 1421 4609 Field,
1444 4570 1507 4602 on
1528 4555 1607 4603 the
1633 4554 1845 4613 Church,
1868 4572 1915 4620 p.
1940 4557 2053 4615 750,
2081 4559 2122 4604 1.
2164 4559 2258 4607 &c-
