3042 5059
719 395 1441 495 CONFESSIONUM
1487 400 1771 465 LIBER
1819 403 1905 464 II.
2330 407 2409 465 19

197 554 258 616 O
289 553 544 617 tardum
577 552 880 635 gaudium
909 552 1158 621 meum!
1208 556 1500 619 Tacebas
1534 564 1711 633 tunc,
1746 566 1811 620 et
1846 578 1968 637 ego
2005 557 2180 621 ibam
2220 579 2409 640 porro

195 656 394 736 longe
437 676 476 719 a
513 662 576 718 te
604 655 674 717 in
709 656 896 737 plura
923 664 989 719 et
1013 656 1202 738 plura
1235 657 1476 721 sterilia
1511 657 1757 721 semina
1794 658 2105 738 dolorum,
2136 661 2411 743 superba

197 755 584 839 dejectione,
615 763 680 819 et
704 756 994 840 inquieta
1018 757 1412 821 lassitudine.

284 862 349 921 3.
397 858 562 930 Quis
613 857 774 920 mihi
829 856 1299 923 modularetur*
1336 882 1680 923 aerumnam
1736 881 1965 937 meam,
2020 868 2087 923 et
2140 862 2409 925 novissi-

196 980 448 1023 marum
475 980 684 1023 rerum
711 958 978 1040 fugaces
1003 961 1516 1043 pulchritudines
1544 962 1615 1025 in
1642 984 1829 1025 usum
1857 970 2145 1042 verteret,
2166 984 2411 1027 earum-

197 1082 329 1144 que
387 1060 814 1125 suavitatibus
865 1070 1068 1125 metas
1117 1062 1498 1145 praefigeret,
1549 1071 1623 1126 ut
1669 1083 1875 1147 usque
1934 1062 2018 1129 ad
2072 1061 2214 1147 conj
2222 1066 2411 1145 ugale

195 1162 380 1225 littus
425 1169 852 1227 exaestuarent
893 1162 1129 1227 fluctus
1174 1163 1381 1229 aetatis
1423 1185 1605 1241 meae,
1644 1164 1702 1227 si
1744 1164 2171 1248 nanquillitas
2206 1164 2277 1227 in
2315 1166 2411 1229 eis

195 1284 330 1326 non
379 1270 634 1347 poterat
691 1284 854 1342 esse,
904 1263 1034 1327 fine
1089 1264 1627 1347 procreandorum
1685 1264 2027 1329 liberorum
2084 1274 2409 1343 contenta,

197 1364 368 1427 sicut
403 1363 764 1447 praescribit
797 1365 906 1427 lex
939 1372 1070 1442 tua,
1111 1365 1414 1442 Domine,
1453 1366 1566 1449 qui
1602 1365 1837 1429 formas
1869 1366 2061 1431 etiam
2107 1368 2407 1451 propagi-

194 1487 345 1529 nem
403 1465 626 1528 mortis
683 1473 916 1529 nostrae
938 1463 992 1543 ',
1047 1474 1280 1550 potens
1334 1467 1665 1550 imponere
1718 1468 1928 1530 lenem
1995 1488 2256 1533 manum
2325 1468 2411 1533 ad

196 1575 770 1650 temperamentum
813 1567 1142 1650 spinarum
1187 1591 1226 1632 a
1267 1568 1567 1652 paradiso
1614 1576 1725 1632 tuo
1774 1569 2207 1633 seclusarum?
2256 1570 2411 1633 Non

195 1668 370 1731 enim
412 1670 606 1749 longe
651 1677 750 1732 est
791 1691 832 1733 a
871 1669 1061 1733 nobis
1106 1670 1573 1754 omnipotentia
1615 1679 1747 1749 tua,
1788 1670 1980 1735 etiam
2024 1693 2173 1735 cum
2214 1674 2409 1753 longe

197 1790 418 1832 sumus
463 1791 504 1833 a
544 1776 627 1832 te.
717 1772 849 1834 Aut
893 1779 1062 1835 certe
1107 1772 1387 1835 sonitum
1430 1773 1700 1836 nubium
1744 1780 1995 1835 tuarum
2039 1772 2409 1853 vigilantius

197 1870 624 1934 adverterem:
706 1872 1212 1941 Tribulationem
1269 1882 1489 1937 autem
1548 1876 1771 1939 carnis
1814 1874 2137 1937 habebunt
2182 1875 2448 1958 hujus-1
2480 1886 2593 1933 Cor.

193 1972 371 2035 modi
393 1998 416 2041 ,-
467 1994 576 2054 eqo
605 1981 824 2037 autem
853 1974 1022 2037 vobis
1051 1996 1254 2054 parco
1271 2001 1295 2044 ;
1345 1982 1430 2052 et,
1461 1976 1721 2037 Bonum
1763 1983 1858 2037 est
1896 1976 2143 2037 homini
2177 1978 2405 2039 mulie-
2424 1950 2471 2006 7,
2494 1952 2576 2075 28⁸.

192 2094 328 2137 rem
360 2096 490 2137 non
520 2083 784 2156 tanyere
805 2101 828 2145 ,·
879 2085 964 2154 et,
1000 2075 1132 2143 Qui
1159 2080 1298 2139 sine
1325 2098 1531 2140 uxore
1559 2085 1674 2154 est,
1704 2079 1948 2158 coyitat
1974 2098 2053 2140 ea
2080 2098 2219 2160 quoe
2252 2086 2405 2140 sunt
2423 2044 2517 2155 :Z
2540 2066 2622 2164 3⁰2,

191 2176 350 2255 Dei,
388 2177 696 2259 quomodo
727 2179 997 2259 placeat
1039 2180 1180 2243 Deo
1200 2201 1219 2239 .·
1269 2180 1386 2261 qui
1427 2186 1649 2241 autem
1693 2179 2109 2240 matrimonio
2127 2177 2407 2260 junctus
2420 2172 2500 2220 33.

187 2285 310 2354 est,
339 2280 584 2360 cogitat
613 2301 690 2341 ea
721 2300 860 2361 ques
886 2288 1042 2343 sunt
1067 2279 1323 2358 mwndi,
1350 2280 1659 2362 quomodo
1675 2280 1945 2361 placeat
1969 2281 2183 2343 uxori.
2258 2280 2405 2343 Has

189 2399 348 2459 ergo
378 2400 572 2445 voces
602 2380 972 2444 exaudirem
1000 2380 1384 2462 vigilantior,
1414 2388 1480 2444 et
1506 2381 1799 2445 abscisus
1836 2389 2098 2464 propter
2136 2401 2402 2461 regnum
2421 2389 2477 2435 M
2482 2397 2546 2437 at.
2562 2390 2638 2447 19,

189 2482 523 2560 coelorum,
551 2482 796 2548 felicior
821 2491 1263 2567 exspectarem
1292 2485 1631 2567 amplexus
1659 2492 1824 2547 tuos
2424 2454 2498 2501 '²’

276 2589 340 2647 4.
387 2584 517 2648 Sed
556 2585 824 2649 efferbui
863 2586 1076 2663 miser,
1113 2590 1388 2669 sequens
1425 2587 1739 2669 impetum
1777 2586 1995 2649 fluxus
2024 2584 2151 2647 mei
2178 2585 2400 2649 relicto

186 2693 292 2761 ως
361 2696 428 2749 et
470 2686 724 2750 excessi
767 2688 984 2751 omnia
1030 2686 1318 2768 legitima
1364 2695 1498 2767 tua,
1546 2708 1667 2752 nec
1718 2687 1893 2754 evasi
1944 2686 2202 2767 flagella
2251 2694 2397 2749 tua:

189 2785 339 2870 quis
367 2787 540 2849 enim
568 2788 694 2851 hoc
732 2786 1136 2851 mortalium?
1205 2790 1376 2852 Nam
1401 2796 1476 2853 tu
1503 2809 1751 2872 semper
1788 2788 2017 2866 aderas*
2044 2787 2399 2853 misericor-

187 2887 354 2951 diter
395 2888 690 2967 saevienS,
729 2898 794 2953 et
831 2890 1242 2953 amarissimis
1287 2911 1634 2973 aspergens
1668 2888 2133 2953 offensionibus
2178 2908 2399 2951 omnes

185 2988 446 3053 illicitas
487 2988 930 3073 jucunditates
973 3012 1170 3070 meas,
1211 2999 1288 3054 ut
1329 2990 1422 3054 ita
1465 3012 1813 3074 quaererem
1857 2990 1995 3052 sine
2044 2988 2397 3051 offensione

177 3089 562 3173 jucundari3
631 3099 698 3154 et
745 3092 860 3155 ubi
905 3092 1032 3156 hoc
1091 3113 1370 3175 possem,
1421 3113 1555 3154 non
1610 3091 1959 3155 invenirem
2020 3089 2398 3174 quidquam,

186 3200 417 3274 praeter
444 3201 530 3270 te,
563 3193 866 3271 Domine,
893 3202 1126 3277 praeter
1153 3200 1217 3255 te
1246 3196 1362 3276 qui
1377 3195 1629 3275 finyisb
1656 3194 1933 3255 dolorem
1962 3194 2033 3255 in
2053 3199 2398 3271 prosc-epm,
2420 3200 2499 3247 Ps-
2522 3201 2607 3257 93,

187 3301 254 3356 et
288 3294 574 3378 percutis
601 3302 677 3357 ut
705 3316 914 3374 sanes,
941 3302 1008 3359 et
1036 3293 1280 3359 occidis
1317 3315 1439 3357 nos
1463 3316 1547 3359 ne
1576 3294 1917 3359 moriamur
1946 3294 2063 3355 abs
2090 3305 2172 3355 te.
2264 3291 2399 3355 Ubi
2413 3266 2567 3392 ἔξω.

185 3418 380 3473 eram,
409 3406 474 3460 et
509 3418 708 3481 quam
743 3399 938 3478 longe
977 3398 1355 3461 exsulabam
1393 3417 1434 3459 a
1473 3395 1723 3461 deliciis
1767 3395 1995 3458 domus
2036 3401 2186 3471 tuae,
2228 3414 2398 3457 anno
2413 3412 2499 3470 32,
2522 3412 2600 3457 39.

185 3497 298 3560 illo
327 3506 517 3561 sexto
548 3498 801 3561 decimo
829 3499 1038 3562 aetafis
1069 3498 1280 3562 carnis
1306 3519 1490 3574 meae,
1517 3518 1666 3561 cum
1704 3496 1959 3580 accepit
1983 3495 2053 3557 in
2082 3516 2183 3557 me
2214 3515 2396 3577 scep—

187 3608 374 3677 trum,
418 3609 484 3663 et
533 3608 707 3665 totas
754 3617 982 3664 manus
1029 3601 1090 3663 ei
1135 3599 1306 3676 dedi,
1342 3598 1605 3663 vesania
1655 3594 2009 3675 libidinis,
2045 3596 2397 3661 licentiosae

183 3722 298 3783 per
342 3701 631 3765 dedecus
672 3702 1045 3779 humanum,
1083 3700 1326 3765 illicitae
1371 3708 1583 3763 autem
1626 3721 1742 3783 per
1777 3701 1955 3780 leges
1998 3696 2184 3761 tuas?
2246 3699 2397 3759 Non

182 3800 304 3865 fuit
331 3823 492 3865 cura
517 3824 808 3866 meorum
835 3810 1124 3866 ruentem
1155 3802 1454 3885 excipere
1479 3823 1585 3863 me
1614 3800 2053 3876 matrimoni03
2100 3798 2213 3861 sed
2244 3819 2398 3861 cura

183 3902 302 3965 fuit
344 3911 598 3967 tannim
645 3912 720 3967 ut
757 3904 1067 3969 discerem
1107 3924 1462 3967 sermonem
1501 3902 1709 3966 facere
1747 3924 1942 3985 quam
1970 3900 2301 3989 optimum,
2331 3906 2397 3963 et

181 4004 572 4088 persuadere
604 4004 905 4069 dictione.

246 4212 274 4249 ὓ
297 4212 458 4278 Fingi-
469 4212 600 4263 enim
612 4212 842 4273 audacis,
855 4212 1044 4269 formas,
1057 4211 1262 4278 pimus
1323 4211 1432 4261 istos
1449 4210 1569 4259 filim
1589 4210 1653 4259 sic
1676 4209 1859 4259 voluisti
1876 4222 2095 4257 exercere
2112 4215 2162 4255 et
2191 4206 2389 4273 erudire,

178 4278 458 4337 -Formas,
502 4277 674 4343 inquit,
709 4277 914 4327 dolorem
958 4277 1008 4325 in
1049 4284 1258 4343 peccato,
1323 4275 1392 4324 sie
1426 4275 1611 4324 voluisti
1649 4275 1717 4323 eis
1758 4280 1993 4339 praecepta
2033 4273 2161 4329 dare,
2206 4279 2275 4345 ut·
2297 4288 2389 4346 non

178 4342 208 4389 i.
229 4358 276 4391 e.
305 4342 365 4390 de
395 4342 562 4391 dolore
584 4348 872 4408 praeceptum
896 4341 1029 4391 nobis
1055 4340 1187 4397 facis,
1207 4349 1261 4389 ut
1323 4348 1476 4413 essent
1513 4340 1613 4405 sine
1635 4340 1833 4413 ‘ti-more,
1868 4353 1927 4385 ne
1968 4344 2179 4385 amarent
2215 4336 2389 4401 ahquid

178 4406 426 4480 ipae-dolor
443 4416 734 4473 preceptum
745 4408 803 4455 sit
821 4407 1256 4529 nobis-Qiggzodtg
1317 4404 1472 4518 ἓξὲξ,
1488 4404 1931 4533 etsotxzrffiepggr
1951 4410 1997 4450 te
2017 4416 2179 4450 verum
2214 4402 2387 4449 bonum

177 4471 904 4603 ἒοιξῖὶιῖῗιξιὶῑῗιορῗῗὲιῗῗιί
927 4544 1012 4585 est„
1077 4535 1178 4593 Qui
1204 4543 1254 4585 et
1556 4504 1566 4517 '

1235 4624 1344 4679 οἳ
