3042 5059
439 537 617 598 11301110·

439 602 558 635 mm
569 601 664 635 130ss

683 367 802 426 176
1237 365 1302 428 S.
1349 363 1865 428 AUGUSTINI
1910 365 2325 430 EPISCOPI

677 520 848 584 fecta.
895 527 1047 582 sunt
1093 519 1411 600 imagines
1459 531 1669 598 teneo,
1713 529 1779 584 et
1828 543 1939 585 eos
1986 543 2105 604 per
2152 543 2337 584 auras
2350 519 2378 549 ⁴·
2420 541 2568 584 cum
2616 519 2904 601 strepitu

437 651 650 700 introdu-
679 622 984 686 transisse
1035 643 1112 686 ac
1149 621 1290 705 jam
1339 643 1473 686 non
1521 643 1665 686 esse
1714 623 1871 686 scio.
1960 623 2097 686 Res
2143 643 2293 684 vero
2337 623 2514 705 ipsas
2558 643 2712 706 quae
2760 619 2904 681 illis

438 725 612 764 camur
681 723 1128 805 significantur
1175 723 1352 786 sonis
1397 745 1612 808 neque
1658 725 1795 788 ullo
1844 745 2037 787 sensu
2086 723 2371 807 corporis
2420 723 2629 803 attigi,
2674 741 2903 804 neque

437 795 525 845 per
544 795 651 828 sen·

439 861 538 902 sun,
561 844 645 893 sed
681 826 936 909 uspiam
969 825 1103 888 vidi
1139 833 1374 908 praeter
1409 826 1697 889 animum
1734 847 1969 902 meum,
1998 833 2063 888 et
2098 825 2167 887 in
2206 825 2512 887 memoria
2551 820 2903 886 recondidi

443 925 504 957 ex
526 908 628 972 ejus

439 973 670 1022 abditiore

681 947 814 989 non
841 927 1156 1008 imagines
1181 947 1423 1005 earum,
1451 927 1569 990 sed
1602 929 1817 1009 ipsas3
1862 949 2009 1010 quae
2038 926 2209 989 unde
2238 927 2324 990 ad
2358 948 2461 989 me
2490 926 2901 1002 intraverint,

437 1037 544 1085 sinn
561 1054 666 1086 eru-
685 1031 906 1094 dicant
931 1031 988 1094 si
1015 1029 1349 1114 possunt'.
1431 1031 1605 1094 Nam
1630 1053 1931 1114 percurro
1950 1031 2185 1114 januas
2214 1051 2435 1093 omnes
2464 1031 2678 1093 carnis
2706 1051 2900 1105 meae,

441 1111 602 1153 untur·

507 2661 601 2710 XI.

681 1155 804 1198 nec
842 1134 1102 1197 invenio
1131 1155 1262 1217 qua
1299 1153 1516 1196 earum
1554 1132 1857 1214 ingressae
1896 1133 2042 1195 sint.
2130 1133 2393 1216 Quippe
2424 1133 2597 1196 oculi
2626 1131 2896 1194 dicunt:

683 1238 758 1302 Si
807 1238 1102 1302 coloratae
1155 1245 1327 1316 sunt,
1367 1259 1488 1300 nos
1538 1259 1649 1300 eas
1696 1236 2148 1300 nuntiavimus.
2236 1238 2442 1298 Aures
2491 1236 2751 1300 dicunt:
2824 1235 2897 1297 Si
3011 1245 3012 1308 ζ

681 1345 1052 1415 sonuerunt,
1081 1358 1122 1401 a
1147 1339 1339 1400 nobis
1365 1338 1667 1402 indicatae
1697 1346 1863 1401 sunt.
1924 1339 2131 1401 Nares
2162 1337 2419 1401 dicunt:
2468 1337 2541 1400 Si
2570 1338 2895 1412 oluerunt,

679 1461 800 1524 per
825 1459 944 1502 nos
975 1439 1378 1502 transienmt.
1467 1439 1653 1502 Dicit
1688 1439 1885 1502 etiam
1923 1459 2147 1501 sensus
2186 1437 2523 1518 gustandi:
2584 1437 2659 1500 Si
2694 1458 2900 1519 sapor

681 1563 816 1604 non
853 1550 972 1618 est,
999 1540 1165 1603 nihil
1201 1562 1304 1604 me
1341 1540 1713 1623 interroges.
1798 1540 2041 1604 Tactus
2078 1540 2271 1604 dicit:
2328 1540 2399 1603 Si
2441 1541 2897 1623 corpulentum

680 1663 814 1706 non
861 1650 979 1720 est,
1021 1663 1154 1705 non
1203 1643 1630 1720 contrectavi3
1677 1643 1735 1706 si
1776 1664 1911 1706 non
1954 1641 2363 1720 contrectavi,
2405 1663 2541 1704 non
2580 1641 2891 1704 indicavi.

683 1743 878 1807 Unde
911 1751 978 1806 et
1011 1765 1142 1827 qua
1177 1743 1318 1806 hoec
1357 1743 1754 1809 intraverunt
1784 1746 1857 1807 in
1894 1745 2262 1808 memoriam
2298 1742 2547 1807 meam?
2642 1744 2894 1806 Nescio

681 1845 1039 1929 quomod03
1083 1867 1236 1909 nam
1265 1868 1413 1909 cum
1441 1867 1518 1910 ea
1548 1846 1745 1910 didici
1774 1868 1908 1909 non
1936 1845 2178 1909 credidi
2208 1846 2418 1908 alieno
2451 1844 2651 1922 cordi,
2674 1845 2799 1908 sed
2826 1845 2896 1906 in

679 1966 826 2008 meo
869 1947 1236 2028 recognovi,
1279 1955 1347 2009 et
1385 1969 1538 2010 vera
1586 1969 1727 2011 esse
1773 1947 2146 2030 approbavi,
2190 1955 2257 2010 et
2306 1947 2756 2010 commendavi
2812 1946 2896 2024 ei,

681 2058 991 2132 tanquam
1038 2070 1356 2132 reponens
1404 2049 1577 2114 unde
1626 2051 1969 2133 proferrem
2021 2070 2168 2112 cum
2218 2050 2465 2111 vellem.
2573 2049 2681 2112 Ibi
2736 2070 2897 2128 ergo

683 2157 864 2212 erant
899 2157 966 2212 et
999 2157 1345 2233 antequam
1384 2172 1463 2214 ea
1499 2150 1895 2230 didicissem,
1926 2149 2040 2213 sed
2074 2151 2145 2212 in
2182 2150 2485 2213 memoria
2520 2173 2656 2212 non
2686 2157 2893 2212 erant.

685 2251 817 2314 Ubi
844 2272 1017 2332 ergn,
1047 2259 1160 2313 aut
1189 2274 1386 2335 quare
1417 2275 1565 2316 cum
1594 2252 1955 2316 dicerentur
1993 2252 2247 2334 agnovi,
2278 2261 2343 2315 et
2380 2250 2554 2314 dixi:
2624 2254 2734 2315 Ita
2774 2259 2897 2328 est,

682 2373 904 2414 verum
941 2358 1075 2428 est3
1119 2352 1248 2414 nisi
1279 2354 1434 2437 quia
1459 2352 1601 2437 jam
1637 2361 1818 2418 erant
1854 2354 1924 2416 in
1961 2354 2285 2432 memoria,
2315 2353 2429 2416 sed
2471 2361 2604 2416 tam
2642 2363 2896 2416 remota

681 2462 750 2516 et
795 2461 1040 2516 retrusa
1089 2454 1276 2537 quasi
1324 2456 1394 2518 in
1445 2457 1658 2519 caveis
1712 2455 2153 2532 abditioribuS‚
2202 2462 2276 2517 ut
2323 2453 2449 2517 nisi
2502 2453 2894 2518 admonente

683 2555 902 2639 aliquo
931 2564 1318 2633 eruerentur,
1347 2578 1425 2619 ea.
1451 2556 1715 2620 fortasse
1744 2558 2025 2638 cogitare
2052 2578 2184 2619 non
2212 2555 2511 2639 possem?

775 2661 874 2720 18.
921 2657 1241 2730 Quocirca
1267 2658 1628 2721 invenimus
1666 2658 1833 2720 nihil
1870 2680 2013 2722 esse
2052 2657 2228 2721 aliud
2266 2656 2510 2722 discere
2546 2657 2698 2734 ista,
2728 2679 2893 2742 quo-

437 2725 823 2839 {ffissgfgssrum
849 2780 983 2821 non
1021 2779 1140 2842 per
1166 2779 1392 2822 sensus
1428 2759 1757 2822 haurimus
1792 2759 2128 2841 imagineS,
2158 2759 2272 2822 sed
2316 2759 2452 2822 sine
2490 2759 2893 2840 imaginibus

683 2857 873 2923 sicuti
913 2868 1068 2923 sunt
1114 2882 1231 2943 per
1274 2861 1490 2944 seipsa
1530 2861 1707 2925 intus
1752 2863 2108 2939 cernimus3
2158 2861 2286 2924 nisi
2330 2883 2407 2923 ea.
2449 2883 2597 2945 quae
2642 2861 2892 2944 passim

679 2970 874 3046 atque
910 2961 1292 3046 indisposite
1329 2963 1635 3027 memoria
1672 2963 2065 3042 continebat,
2094 2961 2437 3043 cogitando
2478 2963 2670 3047 quasi
2707 2963 2890 3026 colli-

681 3083 848 3144 gere,
891 3072 1086 3147 atque
1130 3063 1688 3128 animadvertendo
1733 3086 1973 3143 curare,
2017 3073 2089 3126 ut
2131 3072 2436 3149 tanquam
2489 3063 2573 3127 ad
2621 3086 2889 3126 manum

678 3164 891 3248 posita
914 3164 986 3226 in
1011 3165 1155 3248 ipsa.
1181 3166 1506 3242 memoria,
1522 3165 1639 3227 ubi
1662 3187 1885 3249 sparsa
1909 3165 2089 3249 prius
2111 3175 2177 3229 et
2202 3166 2497 3246 neglecta
2522 3165 2889 3244 latitabant,

669 3263 810 3348 jam
858 3264 1150 3328 familiari
1199 3267 1544 3330 intentioni
1592 3267 1781 3330 facile
1831 3275 2183 3330 occurrant.
2287 3269 2379 3330 Et
2430 3289 2626 3351 quam
2684 3269 2891 3331 multa
3011 3259 3012 3316 ἶ

679 3364 1048 3450 hujusmodi
1101 3376 1308 3448 gestat
1355 3368 1666 3430 memoria
1712 3390 1856 3432 mea
1906 3391 2052 3452 quae
2092 3369 2231 3454 jam
2288 3369 2550 3431 inventa
2600 3378 2773 3447 sunt,
2826 3377 2890 3432 et
3011 3383 3012 3434 1

679 3467 848 3530 sicut
889 3466 1049 3544 dixi,
1096 3467 1281 3551 quasi
1324 3468 1407 3532 ad
1461 3491 1721 3532 manum
1766 3470 1999 3553 posita,
2045 3493 2190 3554 quae
2238 3469 2537 3534 didicisse
2582 3479 2650 3534 et
2690 3493 2887 3534 nosse

677 3565 985 3630 dicimur!
1079 3570 1239 3641 Quae
1301 3570 1357 3632 si
1417 3570 1727 3634 modestis
1782 3580 2139 3655 temporum
2194 3573 2547 3634 intervallis
2602 3575 2884 3637 recolere

679 3667 986 3746 desivern,
1013 3670 1108 3732 ita
1141 3691 1358 3733 rursus
1397 3671 1869 3755 demerguntur,
1900 3682 1965 3737 et
1993 3675 2177 3758 quasi
2214 3675 2283 3736 in
2322 3674 2663 3737 remotiora
2690 3698 2884 3759 pene-

676 3770 862 3834 tralia
890 3769 1278 3850 dilabuntur,
1307 3780 1380 3835 ut
1417 3772 1630 3837 denuo
1658 3777 1834 3838 velut
1871 3798 2041 3839 nova
2077 3775 2508 3856 excogitanda
2548 3777 2681 3840 sint
2716 3779 2884 3841 indi-

677 3872 824 3936 dem
865 3870 1138 3936 iterum'
1173 3871 1404 3958 (neque
1449 3876 1623 3938 enim
1668 3884 1766 3939 est
1807 3877 1934 3940 alia
1974 3878 2153 3958 regio
2197 3881 2462 3960 eorum),
2492 3887 2558 3941 et
2588 3881 2885 3960 cogenda

674 3997 890 4038 rursus
932 3984 1006 4039 ut
1048 3977 1196 4040 sciri
1237 3978 1513 4061 possint,
1556 3977 1629 4041 id
1674 3986 1771 4041 est
1814 3980 1990 4043 velut
2032 4000 2117 4042 ex
2162 3979 2439 4064 quadam
2484 3980 2885 4065 dispersione

677 4077 1057 4158 colligenda,
1087 4078 1260 4142 unde
1299 4078 1546 4142 dictum
1589 4087 1689 4142 est
1732 4081 2030 4161 cogitare.
2120 4083 2291 4144 Nam
2331 4103 2496 4162 cogo
2534 4089 2601 4145 et
2643 4084 2883 4163 cogitO,

677 4179 770 4243 sic
815 4189 913 4243 est
954 4191 1028 4244 ut
1070 4203 1192 4263 ago
1239 4189 1304 4244 et
1349 4182 1547 4262 agit0‚
1592 4183 1759 4246 facio
1806 4191 1871 4246 et
1918 4184 2157 4247 factito.
2246 4185 2709 4248 Verumtamen
2760 4185 2881 4247 sibi

676 4281 926 4345 animus
953 4284 1078 4346 hoc
1107 4286 1370 4346 verbum
1398 4285 1656 4368 proprie
1687 4284 2055 4364 vindicavit,
2085 4294 2157 4349 ut
2189 4308 2320 4348 non
2352 4285 2527 4370 quod
2558 4287 2741 4364 alibi,
2773 4287 2883 4349 sed

676 4384 851 4465 quod
889 4383 960 4446 in
991 4385 1202 4448 animo
1233 4385 1578 4467 colligitur,
1607 4385 1677 4448 id
1710 4395 1809 4451 est
1842 4387 2111 4468 cogitur,
2142 4389 2412 4469 cogitari
2451 4389 2717 4473 proprie
2747 4390 2882 4474 jam

675 4483 939 4547 dicatur.
