3042 5059
691 340 812 397 112
1243 334 1310 397 S.
1342 331 1858 397 AUGUSTINI
1904 329 2325 393 EPISCOPI

681 498 985 553 mentum.
1049 491 1206 571 Ipsa
1233 488 1654 551 occurrebant
1680 484 1969 569 undique
1998 483 2337 548 acervatim
2358 491 2425 545 et
2444 484 2877 562 conglobatim

681 589 996 665 cernenti3
1053 588 1365 668 cogitanti
1402 596 1615 651 autem
1656 586 1973 666 imagines
2010 604 2371 667 corporum,
2396 583 2561 666 ipsae
2600 604 2877 666 oppone-

676 691 913 753 bantur
935 688 1250 766 redeunti,
1281 689 1464 771 quasi
1495 688 1837 751 diceretur:
1907 688 2055 759 Quo
2086 687 2166 763 is,
2194 684 2459 765 indigne
2490 693 2557 748 et
2586 685 2873 749 sordide?

441 786 524 836 P·-
551 786 632 843 ⁸⁰·
681 790 774 852 Et
810 790 950 853 haec
992 788 1074 851 de
1111 790 1371 852 vulnere
1411 807 1555 851 meo
1596 796 1942 862 creverant,
1970 786 2125 869 quia
2161 788 2531 849 humiliasti
2570 794 2877 868 tanquam

443 851 523 900 11.
677 890 1112 966 vulneratum,
1138 888 1480 969 superbum
1496 914 1518 957 ,·
1580 896 1647 951 et
1680 896 1928 949 tumore
1967 907 2112 948 meo
2153 887 2494 969 separabar
2536 888 2657 949 abs
2686 881 2805 963 teh,
2824 896 2880 949 et

677 989 871 1053 nimis
899 991 1123 1053 inflata
1149 989 1346 1055 facies
1376 986 1721 1051 claudebat
1748 988 1972 1051 oculos
2000 1008 2200 1051 meos,

475 1108 626 1157 VI11.
771 1097 869 1154 12.
915 1094 1021 1155 Tu
1047 1113 1220 1171 vero,
1251 1092 1554 1171 Domine,
1570 1090 1637 1153 in
1668 1100 1976 1154 aeternum
2002 1110 2244 1167 manes,
2262 1098 2329 1153 et
2343 1111 2477 1151 uon
2492 1090 2563 1151 in
2582 1099 2881 1153 aeternum

441 1172 651 1285 Ξζᾎῇῗ
677 1193 970 1257 irasceris
1009 1193 1225 1256 nobis:
1285 1192 1591 1276 quoniam
1630 1193 1967 1255 miseratus
2008 1212 2079 1254 es
2118 1201 2347 1255 terram
2388 1198 2457 1253 et
2492 1190 2799 1267 cinerem,
2824 1198 2883 1253 et

439 1314 502 1346 m
524 1301 658 1350 miae·
678 1293 926 1377 placuit
949 1293 1020 1356 in
1048 1300 1400 1377 conspectu
1427 1301 1541 1356 tuo
1568 1292 1903 1355 reformare
1938 1290 2249 1355 deformia
2284 1312 2458 1367 mea3
2504 1298 2571 1353 et
2610 1290 2881 1353 stimulis

437 1363 642 1477 ζὶξζξξξ*
678 1394 944 1457 internis
991 1394 1284 1474 agitabas
1331 1415 1457 1470 me,
1506 1400 1581 1457 ut
1626 1393 1971 1476 impatiens
2021 1414 2249 1467 essem,
2300 1392 2506 1455 donec
2550 1392 2715 1455 mihi
2774 1415 2883 1476 per

437 1492 562 1604 20²5*
678 1494 1038 1558 interiorem
1067 1502 1398 1577 aspectum
1435 1503 1647 1557 certus
1682 1514 1877 1557 esses.
1966 1494 2059 1556 Et
2093 1490 2417 1556 residebat
2454 1501 2671 1555 tumor
2706 1515 2881 1556 meus

437 1572 628 1671 ἐξ*
679 1610 765 1652 ex
795 1593 1051 1655 occulta
1073 1615 1270 1657 manu
1305 1595 1643 1660 medicinae
1680 1602 1832 1670 tuae,
1862 1594 2163 1677 aciesque
2206 1594 2587 1657 conturbata
2628 1602 2695 1655 et
2734 1615 2879 1657 con-

677 1694 1006 1756 tenebrata
1031 1693 1264 1757 mentis
1282 1714 1464 1771 meae,
1481 1694 1614 1757 acri
1632 1694 1897 1775 collyrio
1920 1692 2269 1755 salubrium
2290 1692 2584 1756 dolorum
2598 1714 2881 1756 meorum

679 1791 761 1855 de
787 1792 894 1855 die
922 1794 992 1856 in
1021 1793 1192 1858 diem
1221 1798 1583 1859 sanabatur.

503 1904 596 1952 lx.
771 1898 868 1957 13.
912 1897 1004 1958 Et
1027 1897 1236 1979 primo
1263 1899 1486 1961 volens
1513 1896 1847 1961 ostendere
1876 1896 2035 1959 mihi
2064 1917 2257 1980 quam
2284 1898 2547 1959 resistas
2572 1900 2883 1979 superbis,

439 1966 637 2082 ἔζῃξὲῗ
677 1997 1030 2060 humilibus
1073 2008 1294 2063 autem
1339 2001 1451 2063 des
1492 2002 1805 2081 qratiam,
1857 2008 1923 2061 et
1980 2006 2223 2083 quanta
2278 2000 2719 2063 misericordia
2774 2011 2887 2063 tua

437 2110 570 2209 ἓξὲξ,
679 2096 1110 2163 demonstrata
1167 2101 1252 2163 sit
1305 2100 1677 2163 hominibus
1733 2099 1839 2162 via
1894 2098 2297 2177 humilitatis,
2356 2098 2534 2182 quod
2596 2102 2886 2163 Verbum

441 2223 592 2272 Verbi
678 2212 860 2266 tuum
889 2225 1036 2267 caro
1059 2204 1317 2268 ‘factum
1351 2212 1471 2283 est,
1501 2214 1567 2267 et
1597 2202 1916 2267 habitavit
1953 2203 2137 2265 inter·
2152 2202 2479 2279 homines3
2523 2206 2886 2286 procurasti

435 2288 654 2400 3232-
676 2304 837 2366 mihi
875 2325 990 2387 per
1037 2304 1377 2387 quemdam
1412 2305 1741 2367 hominem
1782 2302 2244 2365 immanissimo
2284 2304 2487 2386 typho
2536 2306 2887 2386 turgidum,

437 2422 552 2473 tem,
568 2432 661 2466 non
679 2402 993 2486 quosdam
1030 2405 1531 2468 Platonicorum¹
1564 2404 1765 2465 libros
1804 2422 1891 2464 ex
1932 2402 2165 2464 Graeca
2194 2402 2419 2483 lingua
2464 2404 2537 2465 in
2584 2406 2891 2470 Latinam

435 2494 652 2593 ffffiffi
676 2522 924 2568 versos:
993 2511 1059 2566 et
1099 2504 1195 2565 ibi
1245 2504 1395 2584 legi,
1445 2524 1577 2566 non
1628 2501 1891 2586 quidem
1934 2502 2037 2564 his
2086 2504 2317 2581 verbis,
2368 2506 2484 2569 sed
2530 2506 2659 2570 hoc
2708 2508 2887 2571 idem

435 2606 634 2723 22:3²3·
677 2607 938 2668 omnino
981 2604 1200 2667 multis
1243 2612 1308 2667 et
1347 2604 1815 2689 multiplicibus
1874 2603 2124 2667 s'uaderi
2167 2606 2546 2683 rationibuS,
2590 2609 2772 2692 quod
2814 2614 2887 2673 in

446 2752 465 2797 ι
489 2750 596 2799 Pet.
608 2753 659 2809 5,
666 2708 1000 2786 principio
1027 2713 1172 2767 erat
1218 2703 1505 2780 Verbum,
1533 2711 1599 2766 et
1644 2703 1909 2765 Verbum
1946 2712 2093 2766 erat
2126 2706 2311 2785 apud
2336 2708 2575 2785 Deum,
2604 2718 2672 2771 et
2698 2712 2887 2773 Deus

435 2816 485 2864 ⁵·
519 2814 552 2863 J
556 2829 627 2863 ac.
677 2816 822 2871 erat
867 2807 1165 2870 Verbum:
1227 2808 1343 2869 hoc
1370 2814 1516 2869 erat
1544 2808 1618 2867 in
1640 2808 1970 2887 principio
1996 2808 2179 2887 apud
2204 2810 2421 2871 Deum
2434 2834 2459 2878 ,·
2517 2814 2740 2874 omnia
2755 2834 2885 2893 per

437 2913 563 3007 ''gh‘’
579 2960 624 3017 1,
674 2910 1100 2991 ipenmfacta
1125 2916 1302 2986 sunt,
1329 2916 1394 2971 et
1421 2910 1561 2970 sine
1588 2908 1999 2988 ipsofactum
2028 2916 2125 2970 est
2151 2909 2353 2973 nihil.-
2416 2912 2589 2993 quod
2604 2914 2879 2993 factum

441 3024 582 3072 1-5.
674 3020 770 3075 est
810 3014 884 3074 in
925 3013 1084 3092 ipso,
1125 3013 1263 3074 υἱέα
1305 3017 1471 3086 erat,
1510 3016 1577 3071 et
1620 3010 1757 3069 vita
1798 3016 1945 3069 erat
1986 3010 2108 3071 lux
2149 3011 2502 3087 hominum,
2540 3020 2607 3074 et
2647 3016 2771 3075 lux·
2806 3018 2879 3076 in

677 3114 952 3177 tenebris
995 3116 1189 3188 lucet,
1232 3119 1298 3173 et
1349 3108 1619 3173 tenebroe
1676 3128 1819 3169 eam
1876 3130 2004 3170 non
2062 3100 2699 3189 comprehenderant.
2790 3119 2883 3179 Et

677 3215 831 3296 quia
847 3213 1128 3276 hominis
1149 3212 1364 3274 anima
1384 3210 1676 3294 quamvis
1699 3209 2133 3273 testimonium
2149 3212 2497 3290 perhibeat
2511 3214 2884 3293 delumine,

673 3334 802 3375 non
823 3320 916 3375 est
939 3322 1153 3375 tamen
1172 3312 1318 3393 ipsa
1337 3312 1553 3373 lumen
1567 3308 1591 3345 ¹⁸
1606 3335 1628 3379 ‚·
1674 3308 1786 3371 sed
1802 3318 2017 3371 tamen
2037 3312 2322 3375 Verbum
2344 3313 2525 3381 Deus
2546 3324 2641 3377 est
2658 3318 2883 3379 lumen

742 3490 766 3528 h
803 3489 1034 3554 Superbia
1054 3489 1180 3537 enim
1197 3488 1362 3537 avertit
1379 3503 1406 3535 a
1422 3487 1647 3552 sapientia
1662 3505 1743 3534 ε-
1801 3487 1933 3551 ,ξατο
1968 3489 2169 3552 quodam
2211 3488 2387 3537 lumine
2423 3491 2715 3556 intelligibili,
2783 3496 2884 3543 uod

673 3554 796 3603 unde
819 3562 974 3601 autem
997 3554 1097 3600 haec
1120 3552 1411 3608 aversiofnisi
1427 3550 1641 3599 dumille
1664 3551 1739 3600 cui
1810 3550 1943 3598 Deus
1976 3560 2045 3599 est
2077 3551 2192 3607 illis,
2214 3562 2261 3601 et
2292 3552 2422 3602 aliud
2455 3563 2523 3603 est
2555 3570 2697 3619 quam
2732 3557 2771 3605 il
2792 3558 2827 3611 i,
2851 3574 2883 3606 a

671 3618 846 3666 bonum
859 3626 930 3666 est
945 3617 1194 3671 Deus‚sibi
1215 3618 1228 3663 i
1263 3632 1312 3664 se
1330 3616 1429 3664 vult
1448 3630 1547 3663 esse
1560 3616 1735 3663 bonum
1802 3629 1897 3677 quo
1924 3614 2231 3671 illustrantur,
2268 3628 2319 3664 ut
2350 3618 2578 3678 clareant,
2598 3629 2744 3681 atque
2774 3622 2884 3685 ejus

669 3698 826 3738 suurn,
849 3680 980 3730 sicuti
1010 3680 1099 3728 sibi
1131 3690 1200 3730 est
1221 3633 1385 3729 lgeus?
1421 3681 1547 3743 Aug.
1568 3679 1625 3727 de
1650 3678 1734 3727 lib.
1798 3679 2148 3745 participatione
2167 3680 2357 3743 perfecti
2370 3682 2586 3747 beatique
2600 3684 2879 3735 subsistant.

670 3746 790 3795 Arb.
813 3746 847 3793 l.
872 3744 941 3795 iii.
961 3760 1005 3793 c.
1024 3746 1108 3793 24.
1805 3742 1942 3807 Saepe
1962 3744 2254 3808 multumque
2281 3744 2492 3795 Plotinus
2510 3748 2671 3795 asserit
2686 3764 2881 3799 sensum

725 3805 744 3844 ¹
765 3810 916 3859 Lectis
931 3809 1139 3858 Platonis
1151 3807 1437 3872 paucissimis
1449 3805 1742 3870 libris,cujus
1809 3806 2016 3855 Platonis
2066 3808 2345 3873 explanans.
2388 3826 2447 3857 ne
2490 3807 2622 3859 Elam
2666 3812 2877 3877 quidem,

669 3884 715 3924 te
746 3890 846 3924 esse
865 3873 1246 3923 studiosissimum
1271 3871 1450 3935 accepi,
1474 3870 1739 3934 collataque
1803 3886 1945 3933 quam
1969 3873 2168 3919 credunt
2185 3888 2304 3929 esse,
2326 3874 2630 3923 universitatis
2647 3877 2878 3934 animam,

671 3955 780 3988 cum
819 3939 905 3995 eis,
938 3946 1164 4002 quantum
1199 3935 1344 4002 potui,
1377 3936 1515 3983 etiam
1550 3933 1738 3981 illorum
1802 3934 1991 3983 aliunde
2010 3936 2197 3984 beatam
2232 3952 2331 3985 esse
2363 3953 2505 4001 quam
2532 3947 2771 3987 nostram:
2806 3942 2879 3989 id-

671 4004 960 4057 auctoritate,
989 4001 1072 4066 qui
1104 4001 1260 4049 divina
1291 3998 1511 4063 mysteria
1544 3998 1740 4047 tradide-
1806 4013 1897 4061 que
1918 4014 2019 4047 esse
2041 4000 2199 4049 lumen
2221 4002 2349 4065 quod
2380 4002 2479 4065 ipsa
2502 4017 2595 4050 non
2614 4012 2709 4062 est,
2731 4005 2815 4053 sed
2849 4021 2881 4052 a

671 4076 795 4125 runt,
814 4068 878 4116 sic
899 4066 1069 4122 exarsi,
1086 4074 1136 4111 ut
1159 4079 1319 4112 omnes
1341 4063 1445 4111 illas
1461 4062 1629 4110 vellem
1655 4078 1739 4111 an·
1806 4077 1901 4125 quo
1920 4071 2076 4110 creata
2096 4072 2182 4121 est,
2202 4075 2249 4113 et
2269 4081 2363 4127 quo
2387 4066 2746 4131 intelligibiliter
2768 4068 2878 4115 illu-

671 4146 804 4179 coras
824 4146 1056 4195 rumpere,
1080 4129 1164 4177 uisi
1185 4144 1259 4175 me
1291 4127 1623 4176 nonnullorum
1654 4126 1739 4174 ho·
1804 4125 2011 4175 minante
2032 4126 2382 4192 intelligibiliter
2415 4129 2543 4179 lucet
2546 4162 2720 4181 .....
2746 4132 2881 4181 Dicit

671 4193 848 4257 minum
871 4192 1148 4243 existimatio
1167 4200 1492 4241 commoveret.
1536 4192 1658 4255 Aug.
1678 4191 1739 4239 de
1802 4204 1913 4255 ergo
1961 4190 2042 4239 ille
2083 4206 2285 4255 magnus
2331 4192 2623 4249 Platonicus,
2668 4195 2878 4244 animam

671 4258 785 4306 Vita
805 4256 972 4315 Beata,
991 4259 1033 4318 §.
1055 4258 1104 4304 4.
1802 4254 2091 4311 rationalem,
2116 4256 2238 4318 (sive
2274 4256 2423 4321 potius
2450 4257 2786 4308 intellectualis
2806 4261 2878 4307 di-

729 4319 761 4358 k
797 4320 1029 4369 Viderunt
1058 4318 1337 4385 philosophi,
1360 4318 1547 4383 suisque
1578 4318 1740 4366 litteris
1803 4319 1958 4367 cenda
1978 4319 2051 4373 sit,
2074 4334 2133 4368 ex
2154 4336 2249 4381 quo
2270 4334 2439 4385 genere
2458 4321 2600 4370 etiam
2634 4322 2882 4372 immorta-

666 4384 825 4455 multis
858 4384 1006 4431 modis
1033 4382 1347 4447 copiosissime
1381 4383 1738 4439 mandaverunt,
1802 4382 1919 4435 lium
1942 4384 2181 4432 beatorum
2215 4400 2275 4432 ue
2302 4385 2485 4433 animas
2502 4401 2605 4434 esse
2638 4386 2877 4453 intelligit,

665 4444 775 4494 hinc
809 4445 934 4503 illos,
958 4445 1088 4494 unde
1117 4453 1165 4495 et
1197 4460 1299 4504 nos,
1323 4446 1423 4495 fieri
1452 4446 1630 4504 beatos,
1654 4446 1737 4493 ob-
1802 4454 1919 4511 q'uos
1948 4446 1999 4505 in
2030 4447 2207 4497 coelestr
2244 4464 2299 4496 us
2332 4449 2521 4498 sedibus
2542 4450 2759 4501 habitare
2782 4468 2879 4501 non
