3042 5059
1128 343 1459 405 INDEX.

188 504 349 552 Lucta
368 503 563 564 spiritus
584 517 693 552 cum
718 517 876 559 carne,
905 505 1017 561 141,
1045 504 1155 553 137.

187 568 318 616 Ludi
338 567 610 626 Circenses,
628 569 685 616 91
698 601 712 624 ,
737 569 845 616 135.

188 632 471 680 Luminaria
528 631 785 680 dividentia
825 631 946 681 inter
988 639 1173 681 noctem
1219 641 1267 681 et

250 696 381 745 diem
406 696 678 760 allegorice,
700 697 816 753 262,
840 711 915 759 sq.

188 762 300 810 Lux
324 762 491 824 regina
507 762 733 817 colorum,
757 761 867 808 193.
911 762 1013 808 Lux
1034 768 1212 810 aeterna
1225 770 1277 809 et

255 825 682 882 incommutabilis,
710 825 861 882 Deus,
885 826 1003 882 260,
1034 828 1144 874 115.

700 1019 776 1066 Μ.

193 1145 440 1195 Madaura
464 1146 642 1194 Anien
666 1146 794 1204 urbs,
816 1147 858 1196 T
862 1146 1073 1210 hagastae
1095 1146 1264 1195 vicina.

255 1210 393 1273 Aug.
438 1227 499 1260 eo
539 1211 861 1276 peregrinatur
906 1212 1168 1260 litteratura
1224 1219 1272 1259 et

257 1277 481 1325 oratoriat⁵
504 1276 815 1342 percipiendae
837 1277 1018 1338 gratiae,
1041 1278 1122 1324 20.

194 1341 409 1402 Magicae
444 1351 567 1388 artes
600 1357 661 1389 ex
692 1340 970 1390 curiositatis
1001 1341 1133 1400 vitio,
1163 1341 1271 1396 195.

195 1469 433 1532 Magister
476 1485 571 1516 non
614 1478 684 1517 est
725 1468 803 1532 qui
847 1468 987 1518 docet
1036 1469 1271 1518 hominem

256 1534 526 1590 scientiam,
550 1533 639 1581 nisi
663 1534 814 1589 Deus,
838 1534 917 1582 68.

194 1598 421 1662 Magistri
441 1598 671 1663 penulati,
700 1599 774 1645 13.

195 1663 387 1710 Malum
423 1679 519 1710 non
555 1670 626 1710 est
650 1662 741 1710 nisi
778 1663 973 1726 privatio
1003 1662 1135 1718 boni,
1162 1665 1271 1718 116,

256 1729 339 1776 35.
383 1727 1048 1785 Nonestsubstantia,ib.52.
1086 1728 1271 1776 Malum

254 1791 677 1841 bifariam-dictum
701 1791 845 1857 culpa
876 1800 924 1840 et
960 1805 1121 1855 poena,
1164 1793 1273 1842 106.

256 1856 456 1969 itgalum
491 1870 634 1921 poena
662 1855 788 1920 juste
826 1872 854 1903 a
892 1856 998 1904 Deo
1031 1856 1271 1920 infligitur,

254 1936 273 1968 1
310 1956 323 1969 .

193 1985 543 2034 Mandatorum
582 1985 839 2034 observatio
885 2001 943 2033 ex
993 1986 1085 2034 Dei
1130 1985 1273 2042 dono,

193 2113 503 2161 Manichaeos
520 2113 677 2178 plures
691 2115 847 2162 Roma
868 2115 1153 2171 occultabat,
1171 2115 1253 2163 76.

195 2179 499 2227 Manichaeus
560 2177 869 2226 hieresiarcha
934 2195 1110 2228 errores
1165 2194 1273 2227 suos

259 2243 432 2292 litteris
470 2243 728 2299 mandavit,
764 2244 844 2291 66.
878 2243 979 2309 ejus
1009 2244 1115 2292 libri
1144 2243 1273 2306 pleni

259 2308 457 2362 sabuliS.
493 2308 575 2361 69,
610 2309 691 2356 75.
737 2307 895 2356 Multa
930 2308 989 2357 de
1021 2309 1157 2356 astris
1186 2308 1273 2356 im-

258 2371 543 2437 peritissime
558 2372 879 2430 continebant,
902 2375 985 2433 66,
1007 2375 1090 2423 67.
1130 2373 1277 2437 Spiri-

258 2447 365 2485 tum
391 2445 603 2484 sanctum
631 2437 903 2486 auctoritate
936 2437 1149 2503 plenaria
1170 2454 1275 2504 per·

258 2501 488 2550 sonaliter
506 2505 557 2548 in
578 2515 628 2548 se
649 2517 746 2550 esse
769 2501 977 2561 dicebat,
999 2504 1079 2560 67,
1102 2513 1149 2550 et
1173 2518 1218 2550 n.

198 2566 579 2617 Manichaeorum
624 2565 811 2614 haetesis
844 2568 1079 2616 asserebat
1116 2568 1276 2616 Deum

262 2647 365 2680 esse
387 2645 629 2695 corporum
649 2631 819 2678 molem
846 2636 977 2696 (quoe
1002 2632 1209 2679 maxima
1231 2640 1279 2679 et

260 2710 409 2809 {gope
436 2694 538 2806 εέἐο.
550 2709 713 2806 4cvausa
728 2696 921 2808 ἧτται-ἰᾷ
932 2695 1066 2807 stliit),
1091 2698 1171 2753 76,
1196 2697 1277 2752 62,

330 2775 421 2818 ,n.
515 2795 529 2816 ,
616 2775 703 2814 ‚n.
794 2794 807 2807 .
931 2776 1057 2809 aum
1115 2776 1267 2809 uoue

259 2823 575 2876 substantiam
589 2823 825 2884 quandam
834 2859 847 2880 ,
862 2833 909 2873 et
919 2777 1266 2874 molemqtetriitm

259 2898 311 2938 et
332 2889 589 2936 deformem
609 2905 621 2944 ;
652 2888 751 2936 sive
770 2903 992 2945 crassam,
1016 2905 1157 2952 quam
1180 2899 1271 2938 ter-

264 2969 390 3008 ram,
403 2954 499 3001 sive
517 2962 703 3000 tenuem
723 2961 864 3016 atque
878 2955 1115 3010 subtilem,
1129 2970 1274 3019 quam

260 3026 473 3066 mentem
508 3017 764 3079 malignam
804 3034 884 3081 per
907 3026 1076 3067 terram
1111 3034 1273 3084 repen·

260 3093 382 3139 tem,
417 3082 747 3144 designabant.
769 3083 850 3140 76,
883 3084 965 3138 58,
987 3085 1067 3135 74.
1092 3099 1138 3130 n.
1170 3085 1275 3133 139.

261 3149 373 3196 Has
404 3146 525 3195 duas
556 3146 703 3194 moles
724 3146 848 3212 (Dei
884 3163 954 3195 sc.
984 3159 1032 3196 et
1054 3147 1195 3211 mali)
1219 3164 1275 3196 ex

260 3212 465 3260 adverso
501 3211 589 3258 sibi
624 3211 990 3268 constituebant,
1034 3223 1277 3276 utramque

259 3276 459 3340 quidem
490 3276 737 3334 infinitam,
773 3276 855 3324 sed
891 3277 1063 3324 malam
1102 3292 1273 3340 angus·

259 3341 371 3397 tius,
394 3342 566 3389 bonam
589 3340 825 3404 grandius,
846 3342 926 3389 76.
966 3341 1165 3391 Animas
1179 3351 1276 3390 tam

259 3405 507 3455 hominurn
530 3420 669 3468 quarn
693 3420 913 3468 pecorum
951 3407 1011 3454 de
1048 3406 1139 3453 Dei
1176 3423 1276 3455 esse

258 3469 525 3518 substantia
536 3469 738 3523 aiebant,
750 3477 797 3517 et
805 3484 878 3516 om
886 3470 993 3516 nino
1006 3478 1161 3534 partes
1174 3471 1284 3529 Dei,

261 3537 348 3590 59,
384 3542 433 3581 et
469 3549 517 3580 n.
558 3535 665 3581 139.
718 3535 1028 3582 Pet-catorum
1061 3535 1281 3596 originem

262 3614 361 3647 non
385 3599 534 3646 libero
558 3598 745 3646 arbitrio
766 3599 1038 3656 voluntatis,
1060 3599 1143 3646 sed
1168 3600 1282 3647 sub-

260 3662 455 3711 stantiae
492 3662 635 3710 malae
662 3671 837 3710 natura·
860 3663 1042 3724 (carnis
1066 3663 1164 3726 sc.)
1201 3664 1279 3712 tri-

262 3728 641 3785 buebant,59,n.
665 3728 744 3784 74,
764 3736 811 3776 et
830 3744 876 3775 n.
902 3729 1011 3786 105,
1033 3729 1142 3784 106,
1171 3729 1275 3782 117,

268 3794 380 3840 151.
413 3793 626 3854 duasque
660 3800 849 3840 naturas
880 3792 1000 3840 inter
1033 3808 1081 3841 se
1114 3792 1277 3841 confli-

260 3872 375 3920 gere
406 3857 455 3903 in
491 3855 677 3903 homine
700 3855 917 3904 dicebant
954 3857 1146 3920 quando
1167 3873 1277 3907 caro

262 3920 312 3967 in
348 3920 575 3986 Spiritum
611 3921 909 3986 concupiscit,
940 3923 1185 3980 139,140.
1226 3924 1273 3971 Α

266 3985 377 4032 Deo
413 3985 558 4033 caelos
594 3985 862 4042 fabricatos,
896 4001 987 4034 non
1022 3995 1183 4034 tamen
1215 3987 1275 4034 de

262 4066 351 4098 suo
370 4051 451 4098 sed
473 4066 531 4098 ex
557 4050 668 4098 alibi
686 4058 733 4098 et
746 4050 937 4098 aliunde
954 4051 1140 4106 creatis,
1160 4052 1275 4098 276.

266 4115 451 4162 Carnes
472 4130 596 4168 vero,
620 4123 665 4162 et
692 4113 1004 4164 minutissima
1038 4114 1274 4170 animalia,

264 4190 310 4225 et
332 4179 563 4242 quidquid
587 4178 821 4226 radicibus
844 4188 977 4227 terrae
1010 4179 1223 4231 inhaeret.
1249 4195 1276 4226 a

266 4245 393 4290 mala
429 4254 587 4292 mente
608 4243 736 4305 gigni
758 4251 806 4290 et
827 4242 1032 4302 formari,
1054 4245 1169 4299 276,
1194 4244 1276 4302 69,

266 4323 313 4355 n.
361 4309 553 4357 Herbas
584 4317 750 4355 omues
776 4316 921 4371 atque
954 4309 1141 4356 arbores
1169 4322 1275 4355 sen·

268 4374 369 4425 tire,
392 4382 440 4420 et
478 4373 619 4421 laesas
650 4371 807 4420 dolere
842 4372 1076 4428 dicebant,
1112 4372 1195 4427 39,
1230 4380 1279 4420 et

268 4452 315 4485 n.
337 4438 513 4503 quippe
544 4453 657 4501 quae
688 4435 946 4502 particulas
988 4436 1076 4485 Dei
1113 4435 1277 4500 praelio

270 4511 429 4568 captas
452 4519 477 4550 a
502 4510 645 4566 gente
669 4501 981 4561 tenebrarum,
998 4503 1104 4550 105.
1131 4501 1277 4566 (mala

2273 351 2391 406 31¹7

1394 521 1461 554 sc.
1487 505 1682 568 natura)
1710 505 1757 554 in
1789 521 1838 555 se
1873 505 2120 568 colligatas
2154 503 2400 559 haberent,

1395 572 1476 619 40.
1520 585 1638 634 quas
1668 570 1856 634 quidem
1891 570 2148 636 particulas
2170 576 2184 598 ⁶
2211 569 2395 616 Electo-

1396 651 1497 684 rum
1520 636 1823 694 sanctorum,'
1843 637 1984 684 dente
2019 651 2076 684 ac
2097 641 2258 684 ventre
2281 633 2403 682 libe·

1404 698 1513 752 rari,
1539 700 1618 746 41.

1468 763 1706 811 Christum
1725 779 1862 828 porro
1887 763 2143 811 credebant
2174 771 2400 825 tanquam

1402 828 1462 875 de
1496 843 1648 876 massa
1682 828 1983 876 lucidissimae
2018 827 2154 874 molis
2177 826 2271 873 Dei
2298 841 2403 890 por·

1403 901 1580 939 rectum
1616 893 1676 940 ad
1709 901 1912 941 nostram
1946 891 2162 948 salutem,
2197 892 2275 939 76.
2321 905 2404 938 ne·

1396 971 1488 1021 que
1525 973 1631 1005 vere
1673 957 1720 1004 in
1758 971 1898 1004 carne
1938 963 2101 1003 natum
2143 955 2205 1005 de
2245 955 2402 1003 Maria

1397 1021 1593 1083 virgine,
1627 1022 1708 1077 77,
1747 1023 1827 1069 72.
1871 1021 1952 1069 sed
1993 1021 2315 1068 tantummodo
2356 1020 2404 1066 in

1397 1085 1552 1134 carnis
1571 1085 1899 1150 phantasmate
1913 1104 1927 1143 ς
1962 1085 2010 1131 in
2034 1099 2129 1149 quo
2151 1099 2256 1132 eum
2283 1084 2404 1132 dice-

1397 1150 1514 1198 bant
1536 1150 1828 1207 crucifixum,
1853 1152 1934 1204 72,
1959 1158 2005 1196 et
2028 1166 2075 1199 n.
2101 1151 2178 1197 76.

1432 1277 1443 1286 ·
1466 1214 1706 1262 Laudatos
1741 1215 1788 1262 in
1824 1215 1934 1263 Vet.
1956 1215 2083 1263 Test.
2107 1211 2406 1262 Patriarchas

1402 1277 2407 1405 Ezssffisstssssaffiaffffszz&2²:1123:13⁶ss

1404 1415 1561 1454 tamen
1585 1407 1670 1471 ipsi
1685 1407 1952 1472 incorrupta
1969 1407 2254 1471 exemplaria
2272 1405 2406 1453 nulla

1405 1472 1682 1536 proferrent.
1707 1473 1788 1530 77,
1809 1479 1858 1519 et
1877 1486 1926 1518 n.

1469 1537 1530 1583 In
1565 1536 1689 1584 hanc
1723 1535 1906 1584 haresin
1944 1535 2185 1600 prolapsus
2209 1534 2330 1594 Aug.
2357 1532 2404 1579 in

1404 1615 1461 1647 ea
1482 1617 1564 1664 per
1585 1601 1859 1650 novennium
1877 1601 2127 1652 volutatur,
2143 1599 2203 1645 ab
2227 1612 2304 1643 an.
2325 1607 2405 1644 ει.

1402 1664 1483 1712 xix
1507 1681 1609 1728 usq.
1635 1666 1696 1713 ad
1717 1666 1878 1714 xxviii.
1903 1665 1982 1722 45,
2005 1665 2086 1719 43,
2105 1664 2187 1720 31,
2211 1678 2259 1710 n.

1341 1729 1477 1776 Mare
1501 1731 1634 1793 quid,
1653 1732 1766 1778 260.
1793 1729 1915 1777 Mari
1939 1737 2234 1792 eomparatur
2255 1741 2404 1786 genus

1403 1791 1680 1851 humanum,
1695 1795 1804 1842 vitio
1821 1793 1955 1859 primi
1969 1792 2168 1840 hominis
2178 1791 2406 1856 profunde

1400 1857 1653 1915 curiosum,
1681 1859 1938 1921 procellose
1970 1857 2219 1913 tumidum,
2251 1864 2298 1903 et
2334 1854 2404 1902 in·

1401 1923 1630 1970 stabiliter
1661 1923 1876 1976 fluidum,
1908 1925 2024 1970 265.
2068 1922 2232 1969 Altera
2267 1919 2407 1966 maris

1402 1986 1654 2050 allegorica
1675 1988 1921 2054 expositio,
1943 1989 2057 2035 260.

1341 2051 1608 2115 Martyrum
1657 2052 1920 2110 Memoriae,
1963 2048 2196 2107 Oratoria,
2234 2051 2314 2106 71,
2358 2054 2408 2095 et

1406 2131 1453 2165 n.
1477 2119 1558 2164 83.
1581 2119 1628 2165 in
1651 2117 1708 2166 iis
1730 2133 1821 2165 non
1845 2116 2155 2181 Martyribus,
2178 2115 2262 2161 sed
2298 2114 2407 2162 Deo

1402 2181 1670 2246 Martyrum
1683 2182 2010 2231 sacrificabant
2027 2178 2301 2230 Christiani.
2317 2177 2410 2226 vid.

1402 2253 1447 2293 et
1471 2247 1553 2302 83,
1578 2263 1624 2294 n.

1339 2310 1548 2359 Materia
1583 2311 1793 2359 informis
1827 2326 1919 2359 non
1951 2317 2020 2358 est
2049 2307 2239 2357 omnino
2268 2305 2403 2360 nihil,

1402 2375 1517 2422 227.
1551 2378 1632 2425 sed
1657 2375 1861 2422 medium
1880 2375 1994 2439 quid
2016 2375 2132 2421 inter
2156 2373 2403 2419 formatum

1405 2446 1453 2486 et
1495 2439 1629 2496 nihil,
1668 2441 1765 2487 228
1805 2455 1880 2502 sq.
1945 2439 2154 2486 Conetut·
2196 2436 2408 2484 humana

1405 2517 1540 2550 mens
1577 2521 1682 2552 eam
1723 2503 1798 2550 vel
1847 2517 1979 2550 nosse
2018 2501 2293 2565 ignorando,
2329 2498 2404 2547 vel

1404 2566 1616 2631 ignorare
1645 2567 1896 2622 noscendo,
1918 2567 2035 2615 227.
2091 2565 2212 2613 sacta
2245 2573 2316 2611 est
2347 2578 2406 2610 ex

1406 2631 1571 2687 nihilo,
1594 2640 1641 2680 et
1661 2647 1718 2680 ex
1740 2631 1831 2679 hac
1851 2631 2024 2684 omnia,
2049 2630 2144 2678 228
2171 2645 2240 2692 sq.

1344 2695 1792 2746 Mathematicorum
1835 2695 2162 2750 divinationes,
2207 2693 2290 2747 47,
2325 2693 2407 2746 48,

1335 2824 1630 2874 Matrimonii
1663 2825 1712 2873 in
1748 2823 1902 2873 officio
1942 2822 2147 2888 regendi,
2180 2828 2228 2871 et
2261 2820 2406 2868 susci·

1402 2890 1678 2954 piendorum
1701 2889 1952 2938 liberorum
1976 2888 2222 2952 conjugale
2245 2885 2405 2941 decus,

1402 2957 1486 3004 99.
1531 2955 1728 3002 Tabulae
1750 2954 2127 3009 matrimoniales,
2155 2952 2263 2999 159.

1342 3019 1519 3067 Medea
1543 3020 1724 3075 volans,
1747 3020 1829 3066 34.

1342 3083 1596 3140 Mediator,
1631 3084 1878 3148 oportebat
1913 3090 1966 3130 ut
1999 3079 2194 3128 haberet
2229 3077 2406 3138 aliquid

1407 3147 1515 3196 Deo
1550 3148 1716 3207 simile,
1741 3156 1788 3196 et
1821 3146 1996 3211 aliquid
2027 3144 2176 3192 simile
2203 3141 2404 3191 homini-

1406 3213 1509 3262 bus.
1585 3212 1800 3261 Christus
1835 3226 1971 3258 verax
2018 3208 2263 3264 mediator,
2304 3207 2406 3254 dia-

1404 3276 1544 3326 bolus
1565 3277 1790 3324 mediator
1811 3275 1976 3329 fallax,
1997 3276 2110 3322 202.

1342 3341 1572 3390 Melodiae
1613 3342 1786 3390 utilitas
1821 3342 1868 3387 in
1905 3336 2217 3388 ecclesiastico
2247 3345 2408 3389 cantu.

1410 3408 1517 3453 193.
1587 3406 1673 3453 hac
1717 3405 1868 3468 potius
1912 3419 2054 3467 quam
2102 3401 2240 3450 rebus
2282 3400 2407 3448 allici

1414 3478 1654 3534 peccatum
1677 3479 1764 3522 est.
1793 3469 1899 3517 192.

1348 3534 1593 3583 Memoriae
1649 3534 1732 3588 vis.
1781 3534 1891 3588 173,
1940 3531 2051 3579 180.
2127 3526 2404 3576 Memoriam

1411 3599 1588 3648 habent
1610 3613 1779 3664 pecora
1801 3606 1848 3646 et
1868 3611 1994 3645 aves.
2018 3595 2082 3642 ib.

1348 3663 1592 3712 Memoriae
1637 3671 1909 3727 martyrum,
1949 3662 2027 3714 83.
2062 3660 2142 3706 71.
2212 3655 2288 3704 Ad
2331 3671 2412 3702 eas

1408 3728 1646 3776 Dominici
1673 3743 1750 3776 cor
1788 3728 1877 3775 oris
1898 3723 2256 3773 communicatio
2288 3719 2408 3792 cele-

1406 3793 1531 3840 brari
1565 3793 1717 3849 solita,
1781 3793 1828 3840 4.
1899 3790 2077 3854 Epulas
2110 3787 2224 3834 illuc
2259 3785 2411 3831 afferri

1406 3866 1534 3904 vetat
1555 3855 1844 3907 Ambrosius,
1867 3856 1946 3902 83.

1341 3921 1576 3969 Memoria
1615 3919 1840 3984 Cypriani
1871 3913 2087 3978 martyris
2119 3926 2211 3960 non
2245 3911 2406 3976 procul

1405 4000 1434 4032 a
1456 3984 1592 4039 mari,
1614 3985 1695 4031 71.

1342 4051 1572 4098 Mensura
1591 4045 1830 4112 temporis,
1846 4046 1962 4093 223.
2239 4102 2248 4112 .
2276 4100 2286 4110 .
2395 4101 2406 4111 .

1343 4113 1523 4162 Merita
1545 4128 1652 4161 vera
1689 4111 1927 4160 hominum
1953 4122 2044 4156 non
2068 4113 2176 4154 sunt
2204 4117 2290 4150 nist
2317 4101 2409 4149 Dei

1406 4194 1620 4234 munera,
1646 4179 1758 4235 166,
1779 4188 1825 4226 et
1848 4193 1897 4224 n.
1918 4173 2035 4224 249.
2062 4171 2174 4219 157.

1345 4243 1506 4292 Metus
1529 4250 1578 4290 et
1597 4242 1833 4308 appetitus
1853 4240 2107 4288 facinorum
2133 4245 2309 4304 causae.
2329 4230 2409 4302 23·

1345 4307 1557 4355 Minister
1583 4308 1676 4355 Dei
1699 4306 1902 4372 optimus
1925 4302 2045 4368 quis.
2070 4299 2176 4372 1863
2241 4296 2408 4341 Minis-

1407 4372 1489 4418 tris
1508 4371 1732 4418 Ecclesia!
1763 4369 1968 4419 subsidia
2001 4377 2206 4428 corporis
2233 4359 2410 4406 deben-

1408 4443 1499 4491 tur,
1516 4436 1631 4482 272.

1345 4499 1584 4548 Miracula
1620 4499 1741 4546 facta
1767 4496 1813 4545 in
1839 4493 2132 4544 translatione
2167 4498 2411 4550 corporum
