3042 5059
629 393 1347 462 CONFESSIONUM
1391 397 1677 462 LIBER
1718 400 1918 463 XIII.
2227 408 2350 466 257

130 550 629 614 Paenitentiam
652 555 850 633 ayite,
871 552 1029 616 Fiat
1053 554 1184 614 lux.
1233 553 1326 615 Et
1346 553 1652 637 quoniam
1680 554 2064 618 conturbata
2089 563 2236 618 erat
2261 555 2354 618 ad
2371 567 2587 624 Pana.

124 670 253 724 nos
282 652 454 732 ipsos
480 653 713 712 anima
748 660 992 728 nostra,
1020 654 1497 714 commemorati
1533 673 1754 715 sumus
1793 655 1918 732 tui,
1944 656 2244 732 Domine,
2271 654 2352 716 de

128 755 329 812 terra
364 751 706 828 Jordanis,
746 759 811 813 et
856 752 936 814 de
971 750 1214 813 monte‘
1238 752 1479 834 aequali*
1516 753 1658 829 tibi,
1691 753 1804 815 sed
1839 775 2050 834 parvo
2091 763 2355 838 propter

124 870 303 926 n0s3
348 858 416 914 et
446 851 915 934 displicuerunt
951 854 1143 916 nobis
1181 855 1457 916 tenebrae
1502 863 1756 931 nostrae,
1797 857 2088 919 conversi
2131 878 2351 919 sumus

130 949 217 1012 ad
248 959 342 1030 te,
368 959 439 1014 et
460 953 665 1033 facta
692 961 785 1016 est
814 957 953 1017 lux.
1041 955 1133 1016 Et
1170 975 1320 1017 ecce
1342 947 1610 1036 fuimus
1637 957 1992 1038 aliquando
2022 957 2304 1020 tenebrae
2319 983 2343 1026 ,·
2367 970 2560 1038 Eph.5,

128 1071 319 1113 nunc
346 1060 571 1115 autem
602 1055 722 1115 lux
748 1057 820 1115 in
850 1055 1149 1116 Domino.
2364 1036 2412 1085 ⁸·

224 1155 334 1213 14.
378 1153 477 1214 Et
502 1162 715 1216 tamen
744 1152 953 1217 adhuc
971 1174 1097 1234 per
1113 1153 1354 1234 fidem,
1382 1156 1666 1218 nondum
1691 1176 1813 1236 per
1839 1159 2129 1236 speciem.
2221 1158 2349 1238 Spe
2398 1173 2551 1222 XIII.

126 1254 315 1314 enim
361 1255 532 1314 salvi
557 1255 744 1336 sacti
790 1274 1031 1316 sumus.
1120 1254 1279 1334 Spes
1319 1261 1540 1318 autem
1569 1244 1730 1337 'qua’
1769 1257 2046 1333 videtur,
2083 1277 2210 1318 non
2251 1266 2346 1320 est
2367 1235 2529 1286 3⁶⁰⁰·

2363 1301 2490 1350 vatio
2503 1302 2588 1350 ho-

125 1373 297 1432 spes.
375 1352 612 1416 Adhuc
640 1354 899 1435 abyssus
926 1353 1219 1435 abyssum
1248 1357 1527 1432 invocat,
1546 1355 1660 1418 sed
1677 1355 1818 1438 jam
1846 1358 1920 1418 in
1947 1354 2130 1419 voce*
2164 1366 2344 1420 cata·
2363 1364 2502 1412 minis

125 1460 480 1514 ractarum
514 1448 775 1516 tuarum
790 1459 829 1515 ¹¹.
919 1452 1150 1517 Adhuc
1181 1461 1246 1516 et
1274 1453 1383 1516 ille
1414 1454 1528 1536 qui
1557 1453 1736 1530 dicit,
1765 1457 1915 1517 Non
1946 1459 2141 1536 potui
2178 1457 2346 1520 vobis
2360 1427 2574 1550 garamo

126 1557 314 1638 loqui
364 1557 559 1638 quasi
604 1555 1077 1636 spiritualibus,
1120 1557 1235 1619 sed
1284 1559 1474 1639 quasi
1520 1556 1915 1634 carnalibus,
1961 1558 2152 1621 etiam
2199 1557 2340 1639 ipse
2356 1557 2568 1606 noudum

126 1655 431 1718 nondum
472 1676 539 1717 se
576 1655 943 1719 arbitratur
970 1657 1515 1737 comprehendisse
1527 1681 1551 1726 ,·
1599 1664 1663 1719 et
1699 1679 1837 1740 quoe
1882 1665 2054 1720 retro
2093 1657 2346 1736 oblitus,
2363 1623 2586 1759 ξθὲῗξῒέζ

124 1759 197 1818 in
248 1777 333 1819 ea
374 1777 517 1840 quae
554 1765 709 1820 ante
754 1765 929 1834 sunt,
972 1759 1373 1833 extenditur,
1408 1766 1473 1820 et
1517 1759 1881 1838 inqemiscit
1917 1767 2248 1840 yravatus,
2285 1766 2351 1822 et
2366 1763 2415 1810 7.

120 1857 277 1918 sitit
312 1860 547 1920 anima
584 1859 724 1941 ejus
760 1859 854 1920 ad
890 1861 1103 1921 Deum
1148 1861 1383 1935 vivum,
1422 1859 1958 1940 quemadmodum
1993 1881 2214 1922 cervus
2247 1860 2340 1922 ad
2361 1841 2508 1955 ἔξω·
2533 1846 2581 1903 ⁸2

103 1959 347 2038 fontes
404 1979 749 2040 aquarum,
799 1967 865 2022 et
913 1958 1099 2024 dicit:
1179 1959 1454 2026 Quando
1510 1959 1815 2022 veniam?
1893 1961 2337 2024 habitaculum
2363 1986 2584 2046 pum,
2650 2032 2660 2042 ,

122 2080 325 2121 suum
358 2060 532 2142 quod
557 2061 637 2123 de
664 2063 821 2124 coelo
849 2069 965 2137 est,
992 2060 1379 2140 superindui
1406 2063 1691 2141 cupiens,
1716 2070 1782 2125 et
1807 2065 2060 2125 invocat
2090 2063 2344 2126 inferio·-
2368 2067 2389 2112 1
2410 2066 2520 2116 Cor.
2535 2068 2586 2124 3,

123 2181 267 2223 rem
326 2159 649 2241 abyssum,
707 2161 957 2224 dicens:
1024 2163 1247 2224 Nolite
1304 2163 1696 2243 conformari
1757 2165 1908 2226 huic
1951 2165 2194 2242 soeculv,
2234 2165 2348 2228 sed
2363 2131 2488 2260 ἔξω.
2511 2213 2562 2269 3,

121 2261 589 2342 reformamini
616 2263 686 2324 in
717 2264 999 2325 novitate
1026 2264 1262 2324 mentis
1289 2269 1543 2332 vestrm
1594 2270 1678 2340 et,
1709 2265 1930 2328 Nolite
1952 2267 2149 2345 pueri
2177 2264 2346 2349 effici
2366 2275 2440 2322 13.

122 2360 463 2424 mentibus
475 2358 527 2438 ⁵,
565 2363 678 2424 sed
721 2347 985 2426 malitia
1020 2365 1292 2442 parvuli
1333 2371 1550 2441 estote,
1583 2372 1662 2426 ut
1702 2363 2021 2428 mentibus
2059 2367 2343 2447 perfecti
2358 2353 2580 2466 {0⁰⁰2

122 2465 310 2532 sitis,·
365 2468 453 2540 et,
488 2463 545 2524 0
572 2464 760 2526 stulti
796 2465 1067 2540 Galatoe,
1097 2466 1241 2546 quis
1268 2485 1371 2527 vos
1378 2463 1798 2546 fascinavit?
1877 2464 2007 2528 Sed
2031 2465 2171 2548 jam
2209 2487 2342 2528 non
2361 2492 2581 2551 Ps.41,2.

124 2563 195 2625 in
230 2583 396 2626 voce
428 2584 575 2640 sua3
618 2565 687 2626 in
715 2573 827 2628 tua
854 2566 1025 2628 enim
1054 2567 1169 2648 qui
1197 2566 1428 2629 misisti
1464 2563 1774 2650 Spiritum
1802 2574 1985 2628 tuum
2016 2565 2096 2629 de
2127 2568 2340 2630 excel·
2356 2557 2407 2675 {-

126 2667 239 2743 sis,
292 2685 418 2748 per
462 2685 605 2727 eum
656 2666 769 2749 qui
818 2668 1110 2730 ascendit
1151 2669 1224 2729 in
1272 2668 1505 2745 altum,
1555 2675 1618 2729 et
1667 2667 1931 2747 aperuit
1972 2673 2344 2729 cataractas
2357 2629 2580 2741 2‚C⁰r‘⁵’

122 2769 449 2831 donorum
497 2789 775 2846 suorum,
819 2777 892 2832 ut
917 2771 1235 2851 fluminis
1274 2773 1556 2850 impetus
1603 2771 1972 2852 laetificaret
2013 2772 2342 2833 civitatem
2363 2767 2514 2881 {³5¹3

120 2879 331 2933 tuam.
422 2869 533 2931 Illi
566 2870 734 2933 enim
775 2872 1063 2954 suspirat·
1088 2875 1301 2953 sponsi
1338 2874 1611 2948 amicus,
1641 2871 1876 2935 habens
1909 2873 2046 2956 jam
2073 2875 2382 2954 spiritus1
2411 2869 2521 2956 ἑοῖ,

104 2971 471 3052 primitias
514 2992 711 3054 penes
762 2993 929 3052 eum,
982 2972 1097 3036 sed
1144 2973 1356 3037 adhuc
1402 2976 1477 3035 in
1519 2975 1854 3053 semetipso
1902 2975 2342 3053 inyemiscens,
2365 2972 2440 3027 ¹4·
2463 2973 2543 3020 20.

116 3072 543 3152 adoptionem
586 3080 965 3154 exspectans
1004 3075 1503 3155 redemptionem
1549 3075 1829 3154 corporis
1859 3075 2000 3136 sui:
2069 3073 2164 3135 illi
2205 3095 2341 3136 sus·
2359 3044 2576 3176 {2³}ss

116 3174 323 3254 pirat,
372 3173 723 3236 membrum
768 3181 867 3236 est
910 3174 1080 3237 enim
1128 3195 1384 3258 sponsae
1403 3200 1433 3250 3.
1488 3182 1554 3236 et
1588 3175 1687 3236 illi
1731 3175 1919 3252 zelat,
1957 3176 2208 3236 amicus
2246 3183 2344 3237 est
2360 3193 2440 3243 Ps.
2459 3197 2542 3251 67.

120 3274 305 3337 enim
346 3277 563 3354 sponsi
572 3301 595 3344 ,·
654 3275 753 3339 illi
793 3278 965 3340 zelat
1003 3297 1133 3340 non
1179 3276 1325 3355 sibi,
1353 3279 1508 3361 quia
1551 3279 1622 3340 in
1665 3298 1808 3340 voce
1850 3283 2340 3340 cataractarum
2356 3259 2482 3382 1¹33!-
2506 3335 2556 3391 3,

2361 3398 2441 3447 10.

198 3471 219 3504 ²
256 3477 291 3500 ‘⁸
320 3470 516 3534 Propter
546 3469 695 3534 ipsum
730 3469 987 3525 Christum,
1054 3469 1098 3518 ui
1138 3484 1210 3518 as·
1276 3469 1355 3517 Ab
1390 3485 1515 3518 ssum
1560 3468 1781 3519 invocant
1819 3469 1971 3520 saneti
2015 3469 2341 3546 praedicatores
2356 3472 2575 3533 P⁸.45,5.

120 3535 264 3582 sidue
325 3533 377 3580 in
428 3535 527 3582 Scri
562 3533 676 3583 turis
716 3549 849 3582 mons
896 3485 1211 3598 appeiiaturss'
1276 3549 1355 3582 ver
1388 3533 1538 3582 iDei.
1607 3534 1852 3598 Numquid
1877 3544 1925 3583 et
1945 3534 2050 3600 iper,
2076 3551 2170 3582 non
2200 3535 2338 3600 abys-
2359 3547 2496 3598 Rom·
2527 3551 2577 3606 g,

118 3599 262 3662 Aug.
294 3599 359 3646 de
391 3596 486 3645 div.
512 3551 692 3656 guast.
724 3599 804 3646 88.
830 3599 871 3660 §.
906 3599 954 3646 6.
983 3597 1073 3646 vid.
1105 3614 1209 3663 sup.
1273 3601 1381 3647 sus?
1470 3600 1667 3656 Quanta
1723 3599 2010 3664 profunditas
2059 3599 2340 3648 infirmitatis
2353 3615 2436 3663 23,

118 3677 175 3710 n.
201 3661 241 3710 1.
264 3678 318 3724 p.
346 3663 457 3710 148.
480 3663 540 3710 ad
564 3663 597 3711 1.
618 3661 684 3710 ix.
706 3663 747 3723 §.
776 3665 823 3711 5.
1270 3661 1451 3711 latebat
1491 3662 1543 3712 in
1585 3665 1742 3719 Petro,
1786 3666 1976 3727 quando
2029 3664 2142 3729 quid
2184 3663 2234 3712 in
2288 3681 2337 3713 se
2355 3693 2450 3743 ,Ιώ
2492 3695 2522 3741 3

114 3752 121 3758 .
190 3732 221 3758 ιι
256 3727 385 3783 Quoe
428 3741 538 3787 ergo
582 3727 642 3774 ab
674 3741 792 3781 esus,
836 3741 978 3790 quam
1021 3724 1206 3774 invocat
1270 3735 1483 3786 ageretur
1506 3726 1632 3776 intus
1652 3727 1906 3783 nesciebat,
1927 3738 1974 3777 et
1992 3745 2040 3778 se
2064 3728 2334 3777 moriturum
2455 3729 2468 3742 “
2529 3727 2543 3748 ’

118 3790 389 3854 abyssum‘t
456 3789 508 3838 Si
551 3743 838 3855 proganditas
880 3798 950 3839 est
991 3791 1202 3854 abyssus,
1268 3805 1376 3840 cum
1423 3792 1632 3840 Domino
1672 3791 1748 3840 vel
1793 3808 1878 3857 pro
1921 3793 2128 3842 Domino
2166 3799 2338 3840 temere
2351 3759 2435 3807 29⁶

114 3864 357 3919 putamus
395 3867 489 3900 non
529 3869 609 3902 cor
644 3853 844 3903 hominis
880 3855 1073 3918 abyssus
1109 3857 1206 3902 est‘!
1272 3855 1593 3917 promittebat!
1629 3864 1806 3918 quanta
1827 3856 2020 3918 abyssus
2036 3857 2159 3903 erat!
2215 3857 2337 3911 Quae

119 3917 263 3976 Quid
304 3917 436 3966 enim
470 3926 541 3966 est
573 3917 845 3982 profundius
881 3916 973 3966 hac
1010 3918 1207 3981 abysso?
1268 3929 1427 3966 tamen
1468 3919 1667 3980 abyssus
1710 3919 1836 3965 nuda
1883 3927 1984 3972 erat
2033 3917 2180 3965 oculis
2224 3917 2338 3965 Dei.

116 3981 289 4046 Loqui
322 3980 535 4030 homines
573 3989 781 4046 possunt.
816 3981 973 4031 videre
1016 3988 1210 4046 possunt
1274 3983 1397 4046 Ergo
1419 3981 1570 4029 omnis
1590 3980 1728 4028 homo
1750 3981 2214 4034 licetsanctus,1icet
2232 3979 2342 4042 jus-

114 4062 215 4111 per
256 4047 575 4110 operationem
611 4046 943 4104 membrorum,
977 4045 1127 4094 audiri
1159 4045 1206 4094 in
1271 4054 1361 4101 tus,
1394 4044 1511 4093 licet
1552 4043 1602 4091 in
1648 4042 1808 4091 multis
1847 4042 2109 4108 proficiens,
2142 4043 2338 4106 abyssus

114 4125 377 4159 sermone:
415 4111 497 4158 sed
523 4109 660 4174 cujus
681 4109 899 4172 cogitatio
921 4116 1206 4172 penetratur,
1271 4117 1356 4165 est,
1377 4116 1426 4157 et
1456 4108 1677 4172 abyssum
1709 4106 1914 4162 invocat,
1936 4107 2124 4171 quando
2157 4105 2336 4154 homini

116 4174 267 4238 cujus
298 4189 379 4223 cor
409 4173 683 4238 inspicitur?
748 4173 879 4232 Quid
912 4175 1038 4222 intus
1058 4182 1206 4238 gerat,
1274 4172 1449 4238 aliquid
1492 4170 1620 4226 fidei,
1664 4170 1837 4236 aliquid
1891 4170 2096 4220 veritatis
2149 4177 2336 4234 propter

115 4239 245 4303 quid
275 4238 403 4288 intus
436 4238 601 4303 possit,
633 4236 749 4300 quid
782 4237 905 4288 intus
940 4244 1067 4300 agat,
1095 4237 1207 4301 quid
1270 4237 1412 4286 vitam
1448 4245 1666 4285 eternam
1705 4235 1940 4299 praedicat.
2004 4235 2096 4283 Sed
2127 4241 2239 4283 tunc
2266 4243 2336 4283 est

118 4305 258 4352 intus
300 4303 541 4379 disponat,
586 4300 698 4365 quid
739 4299 865 4350 intus
913 4301 1044 4358 velit,
1091 4301 1204 4365 quid
1266 4301 1398 4351 utilis
1436 4303 1632 4365 abyssus
1659 4300 1826 4364 abysso
1857 4300 2107 4354 invocate,
2145 4299 2334 4363 quando

116 4368 253 4417 intus
294 4368 433 4423 nolit,
475 4364 585 4429 quis
620 4379 722 4413 com
760 4365 1017 4416 rehendeti
1084 4366 1206 4414 Puto
1269 4367 1321 4414 fit
1342 4365 1389 4414 in
1410 4381 1523 4415 voce
1547 4373 1884 4412 cataractarum
1921 4372 2125 4412 tuarum.
2191 4369 2328 4427 Aug.

120 4447 222 4480 non
246 4433 448 4482 absurde
471 4427 674 4492 intelligi
695 4444 721 4476 a
755 4445 913 4494 yssum
947 4428 1207 4478 hominum.
1270 4430 1332 4478 ad
1359 4429 1437 4479 Ps.
1459 4431 1542 4485 41,
1563 4430 1609 4477 8.
1631 4425 1672 4492 ξ.
1704 4431 1774 4477 13.

124 4497 165 4544 A
174 4499 338 4562 byssus
351 4499 580 4562 abyssum
594 4491 943 4552 invocat,homo
954 4493 1189 4543 hominem
1198 4526 1211 4541 .

1222 4592 1252 4634 S
