3042 5059
677 381 798 444 156
1229 381 1296 446 S.
1341 381 1864 448 AUGUSTINI
1912 383 2337 448 EPISCOPI

669 533 912 598 honore
949 529 1432 600 transferrentur
1471 537 1556 602 ad
1596 538 2090 604 Ambrosianam
2124 539 2479 618 basilicam,
2506 560 2647 602 non
2686 541 2893 604 solum

673 656 838 728 quos
865 635 1182 703 immundi
1211 640 1538 704 vexabant
1564 639 1849 722 spiritus,
1865 637 2179 705 confessis
2200 639 2445 705 eisdem
2466 640 2890 718 daemonibus,

673 739 1115 816 sanabantnr‘,
1144 762 1363 804 verum
1407 741 1601 806 etiam
1638 742 1901 826 quidam
1939 744 2157 826 plures
2194 765 2399 808 annos
2436 765 2655 808 caecus
2668 744 2705 820 ‘,
2738 743 2893 806 civis

673 840 1046 924 civitatique
1119 841 1514 919 notissimuS,
1584 864 1733 906 cum
1810 844 2038 926 populi
2114 845 2543 908 tumultuante
2620 843 2889 906 laetitia*

673 965 933 1008 causam
1001 946 1336 1028 quaesisset
1403 953 1597 1028 atque
1667 946 1972 1024 audisset,
2030 946 2341 1024 exsilivit,
2398 969 2611 1031 eoque
2684 967 2757 1008 se
2827 955 2894 1008 ut

671 1045 950 1124 duceret,
1005 1067 1192 1110 suum
1249 1047 1481 1110 ducem
1538 1048 1804 1127 rogavit.
1892 1049 2038 1120 Quo
2094 1049 2464 1130 perductUS‚
2518 1049 2893 1130 impetravit

433 1156 520 1216 Ps,
547 1156 656 1214 115,
673 1146 944 1225 admitti,
985 1154 1057 1209 ut
1101 1146 1356 1210 sudario
1405 1155 1695 1230 tangeret
1740 1149 2035 1212 feretrum
2068 1151 2385 1229 pretiosae
2432 1152 2506 1211 in
2546 1157 2893 1228 conspectu

436 1222 517 1270 15.

430 2029 480 2078 3.

470 2386 624 2436 VIII.

430 2450 606 2499 Evodii

429 2529 623 2565 conver-

435 2582 525 2629 sio.

429 2657 516 2709 1³³.
538 2659 620 2718 67,

671 1257 782 1312 tuo
809 1251 1036 1312 mortis
1061 1258 1430 1312 sanctorum
1460 1257 1738 1313 tuorum.
1814 1249 2007 1322 Quod
2032 1251 2148 1313 ubi
2177 1250 2295 1314 feci
2303 1260 2349 1328 t,
2378 1259 2573 1334 atque
2604 1250 2896 1313 admovit

671 1353 898 1430 oculis,
947 1351 1284 1416 confestim
1329 1351 1535 1434 aperti
1586 1360 1754 1415 sunt.
1842 1351 2005 1414 Inde
2062 1352 2235 1416 fama
2291 1351 2683 1429 discurrenS,
2736 1351 2889 1415 inde

667 1455 895 1518 laudes
939 1462 1066 1517 tuae
1110 1454 1444 1532 ferventes,
1486 1449 1839 1529 luc-entes*,
1886 1451 2041 1516 inde
2082 1453 2259 1516 illius
2304 1453 2587 1516 inimicae
2632 1455 2893 1516 animus

671 1557 793 1620 etsi
841 1555 927 1620 ad
970 1555 1271 1621 credendi
1321 1556 1659 1619 sanitatem
1706 1577 1839 1618 non
1880 1555 2243 1638 applicatus
2254 1554 2306 1634 ⁸,
2360 1578 2401 1619 a
2448 1557 2891 1640 persequendi

665 1668 884 1723 tamen
906 1659 1113 1722 fusore
1142 1680 1545 1742 compressus
1564 1666 1680 1722 est.
1769 1659 2027 1743 Gratias
2046 1660 2189 1736 tibi,
2214 1660 2394 1722 Deus
2411 1680 2615 1724 meus.
2688 1660 2885 1725 Unde

671 1768 738 1823 et
779 1782 908 1844 quo
952 1760 1195 1823 duxisti
1235 1759 1737 1824 recordationem
1773 1781 2003 1840 meam,
2030 1770 2105 1824 ut
2140 1762 2282 1824 haec
2326 1761 2519 1824 etiam
2550 1761 2895 1824 confiterer

668 1861 811 1938 tibi,
843 1882 988 1943 quae
1015 1882 1254 1941 magna
1280 1860 1518 1924 oblitus
1546 1859 2013 1943 praeterieram?
2058 1862 2151 1924 Et
2186 1869 2401 1923 tamen
2429 1868 2583 1924 tunc
2616 1882 2773 1924 cum
2800 1862 2895 1924 ita

433 1964 574 2014 Cant.
607 1963 972 2045 1‚fragra.ret
1019 1965 1172 2026 odor
1221 1971 1691 2044 unquentorum
1745 1971 2025 2040 tuorum,
2082 1985 2215 2027 non
2272 1963 2696 2026 currebamus
2741 1973 2896 2044 post

670 2076 753 2132 te.
854 2067 1012 2130 Ideo
1049 2069 1198 2150 plus
1226 2068 1460 2129 flebam
1500 2065 1667 2128 inter
1706 2065 1959 2128 cantica
1992 2065 2376 2148 hymnorum
2422 2074 2704 2143 tuorum,
2736 2066 2898 2128 olim

670 2170 1000 2255 suspirans
1033 2170 1174 2248 tibi,
1215 2177 1279 2232 et
1313 2166 1573 2230 tandem
1608 2167 1929 2249 respirans
1939 2163 1993 2244 ⁸,
2035 2175 2349 2251 quantum
2394 2175 2576 2250 patet
2621 2189 2784 2231 aura
2826 2168 2896 2230 in

672 2270 862 2334 domo
889 2272 1092 2334 fenea.

763 2377 861 2436 1⁷.
907 2373 1037 2446 Qui
1065 2370 1363 2436 habitare
1371 2371 1557 2452 facis
1585 2371 1926 2432 unanimes
1952 2372 2025 2432 in
2054 2369 2257 2448 dome,
2280 2369 2674 2434 consociasti
2696 2371 2892 2434 nobis

671 2483 737 2539 et
763 2473 1085 2538 Evodium
1119 2473 1423 2557 juvenem
1465 2492 1553 2533 ex
1592 2478 1811 2533 nostro
1854 2471 2226 2555 municipia
2316 2472 2446 2544 Qui
2492 2493 2643 2536 cum
2687 2495 2895 2554 agens

671 2577 740 2639 in
765 2577 992 2639 rebus&
1027 2575 1344 2650 militaret,
1371 2573 1548 2654 prior
1572 2571 1763 2634 nobis
1790 2571 1875 2634 ad
1904 2579 1966 2636 te
1996 2571 2341 2636 conversus
2370 2581 2471 2636 est
2498 2582 2564 2636 et
2587 2575 2893 2656 baptiza-

737 2737 762 2765 θ
794 2733 870 2781 Ita
903 2732 1078 2781 factum
1111 2747 1208 2782 esse
1243 2730 1370 2777 haud
1393 2728 1629 2790 negabant
1650 2727 1743 2776 Ar·

671 2797 808 2852 riani,
831 2797 912 2845 ‘sed
931 2797 1182 2844 narrabant
1205 2803 1236 2824 ‘⁴
1264 2793 1570 2843 venerabilem
1595 2793 1742 2840 virum

671 2861 974 2910 Ambrosium
999 2859 1197 2925 pecunia
1217 2873 1508 2924 comparasse
1534 2857 1745 2906 homines

672 2925 752 3000 qui
774 2941 822 2974 se
842 2925 997 2974 vexari
1012 2927 1074 2972 ab
1089 2923 1342 2972 immundis
1358 2921 1597 2987 spiritibus
1614 2936 1744 2970 men·

671 2991 922 3039 tirentur.”
957 2989 1114 3038 Paun.
1135 2989 1170 3036 l.
1192 3004 1236 3037 c.
1259 2994 1299 3050 ς.
1331 2989 1410 3036 15.

739 3056 757 3087 f
792 3055 934 3104 Plura
955 3056 1014 3103 de
1035 3070 1090 3102 eo
1113 3053 1256 3102 habet
1279 3053 1500 3100 Ambros.
1521 3049 1555 3096 1.
1574 3063 1617 3098 c.
1642 3050 1746 3112 §.2

673 3126 707 3148 ‘⁸
735 3119 866 3169 Dum
891 3119 1221 3172 transferimus,
1245 3133 1400 3165 caecus
1427 3124 1615 3163 sanctus
1644 3113 1747 3162 est''

670 3191 719 3230 et
735 3193 909 3248 postea,
934 3186 976 3244 §.
996 3185 1070 3231 17.
1091 3183 1138 3229 in
1161 3197 1368 3230 sermone
1391 3195 1548 3229 coram
1572 3178 1747 3243 populo

671 3247 913 3310 frequente
937 3247 1113 3303 habito,
1133 3253 1165 3274 ‘⁸
1183 3247 1374 3310 Negant
1393 3243 1635 3307 [Arriani]
1652 3259 1743 3290 cae-

672 3326 781 3358 cum
815 3311 1151 3368 illuminatum,
1173 3311 1252 3358 sed
1285 3309 1364 3357 ille
1396 3325 1488 3357 non
1523 3314 1664 3371 negat
1696 3323 1745 3356 se

669 3384 908 3422 sanatum.
941 3375 1032 3423 Ille
1044 3375 1181 3422 dicit:
1203 3375 1375 3422 Caecus
1387 3389 1486 3422 esse
1501 3372 1671 3420 desivi:
1698 3381 1745 3420 et

705 3440 838 3486 robat
860 3440 1000 3487 facto.
1037 3438 1123 3486 Isti
1147 3437 1426 3486 beneficium
1453 3445 1643 3500 negant.
1661 3435 1742 3500 qui

667 3455 843 3551 fictum
868 3519 1036 3578 negare
1054 3519 1144 3550 non
1167 3511 1372 3566 possunt.
1427 3503 1586 3550 Notus
1602 3503 1742 3548 homo

669 3575 754 3622 est.
777 3568 975 3630 publicis
996 3583 1102 3614 cum
1127 3567 1304 3614 valeret
1328 3565 1626 3628 mancipatus
1655 3567 1740 3613 ob-

668 3631 856 3694 sequiis,
868 3631 1064 3678 Severus
1081 3630 1282 3685 nomine,
1301 3630 1454 3677 lanius
1469 3628 1738 3678 ministerio.

669 3695 964 3759 Deposuerat
993 3694 1214 3750 officium,
1238 3703 1480 3757 postquam
1516 3692 1743 3742 inciderat

667 3759 1072 3823 impedimentum.
1141 3759 1293 3806 Vocat
1327 3757 1388 3804 ad
1426 3756 1739 3805 testimonium

668 3822 878 3871 homines
900 3839 1094 3888 quorum
1118 3832 1226 3869 ante
1245 3822 1592 3868 sustentabatur
1607 3822 1741 3870 obse·

669 3888 816 3951 quiis:
844 3903 922 3935 eos
937 3888 1112 3935 indices
1129 3903 1224 3934 suae
1241 3885 1511 3934 visitationis
1532 3886 1739 3941 arcessit,

665 3967 784 4016 quos
806 3952 1012 4000 habebat
1037 3961 1169 4000 testes
1197 3959 1244 3999 et
1277 3951 1472 3999 arbitros
1501 3951 1736 3998 caecitatis.

667 4017 867 4065 Clamat·
901 4015 1012 4080 quia
1051 4026 1111 4064 nt
1165 4015 1360 4079 contigit
1402 4015 1633 4063 fimbriam
1677 4016 1738 4062 de

661 4091 792 4130 veste
812 4091 1090 4146 martyrum,
1112 4097 1206 4146 qua
1228 4096 1370 4128 sacrae
1406 4078 1612 4142 reliquiae
1638 4095 1737 4127 ves-

661 4145 858 4203 tiuntur,
878 4146 1110 4194 redditum
1131 4145 1216 4194 sibi
1233 4145 1392 4192 lumen
1415 4144 1489 4192 sit.
1558 4144 1730 4192 Nonne
1796 4151 1907 4198 tem,
1930 4143 2201 4207 reliquimus
2228 4143 2557 4195 servientem.”

1807 2728 2007 2776 -Idem
2049 2729 2328 2778 miraculum
2368 2729 2480 2778 citat
2511 2729 2643 2794 Aug.
2680 2728 2747 2777 de
2784 2728 2894 2778 civ.

1808 2792 1924 2846 Dei,
1946 2792 2099 2841 Lxxii.
2128 2809 2171 2842 c.
2196 2796 2244 2842 8.
2267 2795 2308 2855 §.
2330 2795 2379 2841 2.
2400 2794 2520 2842 inter
2540 2808 2619 2852 ea,
2636 2810 2751 2859 quae
2777 2799 2809 2820 ‘⁶
2831 2795 2893 2841 ad

1806 2857 2060 2905 multorum
2100 2859 2305 2905 notitiam
2341 2867 2587 2922 potuerunt
2622 2859 2892 2924 pervenire,

1808 2921 1918 2983 quia
1941 2931 1988 2969 et
2009 2922 2197 2984 grandis
2218 2931 2287 2970 est
2304 2923 2466 2970 civitas
2486 2932 2535 2969 et
2556 2922 2623 2969 ibi
2646 2933 2754 2970 erat
2776 2931 2891 2970 tune

1810 2985 2090 3050 Imperator,
2122 2997 2171 3034 et
2204 2990 2405 3034 immenso
2443 2987 2621 3052 populo
2660 2995 2782 3036 teste
2820 3003 2891 3036 res

1808 3058 1937 3114 gesta
1958 3059 2044 3110 est,
2068 3061 2373 3099 concurrente
2397 3051 2457 3099 ad
2480 3066 2679 3116 corpora
2700 3054 2888 3116 Marty-

1810 3130 1911 3161 rum
1952 3115 2146 3164 Protasii
2178 3125 2227 3163 et
2256 3115 2470 3164 Gervasii
2490 3115 2541 3172 ;'’
2583 3117 2687 3181 ipse
2726 3132 2883 3180 porro,

1810 3188 1865 3225 ut
1882 3179 1967 3236 ait,
1988 3181 2115 3229 testis
2132 3180 2347 3228 oculatus
2366 3199 2379 3237 ;
2406 3181 2717 3238 (Serm.286.
2736 3183 2777 3242 §.
2804 3180 2882 3240 4.)

1811 3250 1844 3271 ‘⁶
1861 3244 1937 3308 cuj
1945 3260 1998 3292 us
2011 3254 2123 3308 tunc
2135 3253 2275 3292 tantae
2286 3243 2453 3308 gloriae'
2462 3245 2729 3309 Martyrum
2744 3245 2887 3292 etiam

1809 3321 1896 3370 ego
1917 3308 2041 3356 testis
2062 3309 2145 3356 fui.
2191 3308 2268 3356 Ibi
2290 3323 2436 3365 eram,
2452 3309 2719 3356 Mediolani
2736 3323 2883 3365 eram,

1808 3371 1936 3420 facta
1965 3373 2193 3421 miracula
2213 3372 2339 3425 novi,
2364 3374 2621 3420 adtestante
2647 3374 2759 3421 Deo
2780 3389 2881 3438 pre·

1806 3435 1930 3484 tiosis
1972 3438 2197 3485 mortibus
2228 3446 2493 3485 sanctorum
2538 3453 2732 3485 suorum
2761 3456 2772 3485 :
2832 3445 2885 3484 ut

1806 3517 1889 3564 per
1932 3499 2017 3548 ina
2048 3502 2275 3549 miracula
2304 3499 2406 3563 jam
2452 3517 2545 3549 non
2590 3502 2745 3549 solum
2791 3507 2806 3529 ‘
2830 3501 2883 3548 in

1805 3574 2055 3638 conspectu
2072 3565 2301 3620 Domini,’
2314 3567 2395 3614 sed
2405 3564 2545 3613 etiam
2562 3565 2613 3613 in
2626 3575 2885 3632 conspectu

1794 3628 2043 3677 ‘hommum
2056 3638 2175 3678 esset
2187 3635 2199 3656 ⁸
2218 3645 2337 3678 mors
2349 3629 2432 3677 illa
2446 3629 2687 3692 pretiosa)
2711 3631 2887 3679 Caecus

1804 3693 2067 3742 notissimus
2103 3694 2329 3742 universae
2364 3694 2542 3742 civitati
2590 3695 2885 3743 illuminatus

1804 3766 1889 3815 est,
1922 3757 2143 3814 cucurrit,
2175 3759 2345 3806 adduci
2378 3773 2429 3807 se
2464 3758 2591 3812 fecit.
2625 3758 2729 3808 sine
2762 3761 2881 3806 duce

1806 3837 2015 3870 reversus
2042 3830 2129 3871 est.
2194 3824 2423 3870 Nondum
2451 3823 2722 3872 audivimus
2755 3823 2882 3886 quod

1804 3886 1999 3934 obierit:
2042 3887 2159 3934 forte
2192 3887 2347 3935 adhuc
2370 3887 2498 3935 vivit.
2590 3889 2652 3934 In
2675 3888 2782 3950 ipsa
2803 3903 2883 3934 eo-

1802 3966 1904 3997 rum
1948 3950 2157 4009 basilica,
2198 3951 2279 4000 ubi
2315 3959 2423 4000 sunt
2462 3965 2625 4000 eorum
2664 3967 2883 4016 corpora,

1801 4023 1945 4062 totam
1986 4018 2131 4064 vitam
2178 4031 2312 4064 suam
2354 4015 2631 4064 serviturum
2686 4032 2737 4064 se
2782 4031 2881 4064 esse

1800 4079 2009 4127 devovit.
2073 4081 2177 4128 Nos
2210 4080 2345 4128 illum
2364 4079 2509 4144 gavisi
2534 4095 2700 4128 sumus
2717 4080 2879 4128 viden-

2629 4143 2879 4192 pauninus

661 4209 813 4258 simile
858 4211 979 4258 istud
1023 4219 1110 4265 est,
1155 4217 1298 4273 atque
1340 4209 1457 4256 illud
1500 4209 1627 4272 quod
1681 4209 1730 4256 in
1794 4217 1969 4262 autem,
1992 4211 2198 4257 notarius
2219 4209 2473 4266 Ambrosii,
2497 4208 2580 4272 qui
2611 4210 2783 4256 eadem
2808 4225 2879 4257 re·-

664 4273 924 4338 Evangelio
956 4274 1156 4338 legimus
1171 4273 1597 4322 l—Detestabilior
1619 4273 1727 4320 isto·
1793 4271 1897 4328 fert,
1920 4273 1983 4320 ait
2000 4273 2231 4321 hominem
2253 4280 2286 4302 “
2312 4289 2436 4321 nune
2457 4289 2596 4334 usqne
2625 4273 2677 4320 in
2712 4273 2875 4322 eadem

661 4351 766 4385 rum
809 4353 954 4400 quam
989 4339 1263 4386 Judaeorum
1303 4337 1576 4402 pertinacia.
1656 4336 1737 4384 lui
1802 4337 2019 4396 basilica,
2062 4353 2169 4400 quae
2222 4337 2391 4386 dicitur
2443 4338 2787 4390 Ambrosiana‚
2828 4337 2873 4385 in

661 4416 768 4450 cum
805 4403 1088 4461 dubitarent,
1121 4402 1198 4450 vel
1234 4410 1446 4466 parentes
1480 4401 1734 4464 interroga·
1800 4415 1944 4460 quam
1972 4403 2233 4466 Martyrum
2268 4415 2464 4466 corpora
2490 4409 2603 4450 sunt
2631 4402 2871 4460 translata,

658 4465 802 4514 bant:
838 4465 922 4514 isti·
933 4466 1114 4514 occulte
1133 4467 1432 4530 interrogant,
1459 4465 1615 4529 palam
1646 4479 1734 4512 ne·
1798 4464 2009 4530 religiose
2030 4465 2231 4514 vivere.'’
2274 4466 2310 4513 1.
2330 4481 2377 4514 c.
2401 4467 2445 4528 ς.
2470 4467 2550 4513 14.

658 4537 790 4593 gant,
800 4528 901 4592 jam
915 4545 1010 4579 non
1023 4530 1152 4596 operi
1162 4529 1492 4589 increduli‚sed
1503 4527 1733 4578 auctori.''
1860 4534 1889 4573 8
1923 4529 2033 4580 vid.
2058 4545 2161 4595 sup.
2190 4529 2251 4580 ad
2273 4530 2307 4579 1.
2330 4529 2424 4580 viii.
2454 4544 2499 4578 e.
2526 4529 2603 4577 15.
