3042 5059
586 462 705 514 310

719 611 956 660 Portunus
987 607 1192 658 licentia
1223 606 1508 658 scholarium
1542 609 1660 659 Car-

655 673 1000 750 thaginensium
1025 675 1229 724 Romam
1249 673 1456 738 navigat,
1478 674 1562 731 70,
1580 676 1657 723 71.

657 743 808 790 invita
830 746 879 787 et
900 736 1100 814 decepta
1119 747 1285 794 matre,
1309 739 1390 795 71,
1411 739 1490 788 72.

725 805 890 854 Roma
909 802 1025 852 febri
1037 814 1274 868 correptus
1289 803 1336 850 in
1351 803 1490 851 domo
1503 803 1661 867 cujus·

657 868 770 917 dam
803 869 1080 923 Manichaei,
1126 867 1264 930 (74.)
1297 868 1561 934 periculose
1591 867 1662 914 la·
1748 891 1753 896 ·

656 933 808 989 horat,
848 933 926 982 72.
979 948 1072 981 non
1099 931 1200 995 jam
1235 940 1286 979 ut
1320 941 1476 988 antea,
1519 929 1661 996 (10.)

659 997 952 1063 Baptismnm
969 996 1166 1060 flagitat,
1178 997 1261 1044 sed
1271 996 1467 1046 demens
1485 996 1663 1051 irridet,

659 1062 738 1111 73.
788 1061 1107 1116 convalescit,
1130 1060 1209 1109 74.

719 1124 1030 1172 Familiariter
1037 1132 1243 1173 versatur
1253 1139 1363 1172 cum
1379 1121 1664 1172 Manichaeis

653 1198 751 1237 tam
777 1189 955 1237 Electis
976 1203 1119 1252 quam
1144 1188 1463 1244 Auditoribus,
1485 1188 1550 1236 ib.

721 1253 1026 1302 Rhetoricam
1049 1253 1114 1301 ibi
1134 1251 1292 1310 docet,
1313 1254 1395 1301 78.

719 1317 1048 1366 Mediolanum
1083 1317 1280 1364 mittitur
1310 1333 1341 1365 a
1376 1315 1663 1380 Symmacho

654 1381 783 1429 urbis
834 1381 1059 1447 prael'ecto
1114 1381 1380 1430 Rhetorica
1435 1379 1664 1430 docendae

655 1459 838 1502 caussa,
861 1446 941 1494 79.

721 1509 936 1582 ‘Benigne
957 1508 1189 1583 excipitur
1212 1509 1272 1583 ab
1304 1507 1573 1563 Ambrosio,
1597 1507 1659 1557 ib.

653 1586 1080 1696 3335&ssOE
1113 1582 1244 1686 2333.
1255 1572 1666 1700 ¹2¹3fi÷1522f1³q⁰3¹e¹¹23¹3

653 1702 796 1750 terius
829 1703 921 1752 loci
955 1702 1204 1765 Scriptum
1233 1701 1527 1760 tractatione,
1550 1717 1661 1763 cog-

653 1767 804 1814 noscit
822 1767 962 1816 iidem
987 1767 1288 1816 Catholicam
1308 1766 1497 1815 defendi

652 1839 819 1879 contra
843 1831 1158 1889 Manichoeos,
1185 1833 1269 1887 80,
1291 1832 1368 1879 85.
1422 1833 1557 1888 Quos
1577 1831 1660 1878 de·

653 1910 782 1944 mum
821 1896 1155 1960 relinquendos
1187 1894 1413 1949 decernit,
1445 1895 1512 1943 ib.
1567 1894 1661 1944 Sed

651 1959 808 2008 adhuc
829 1961 890 2010 de
914 1961 1132 2010 omnibus
1153 1959 1395 2015 dubitans,
1419 1959 1661 2008 Catechu·

653 2039 820 2072 meuus
841 2024 890 2072 in
915 2025 1132 2074 Ecclesia
1164 2023 1399 2073 catholica
1429 2039 1531 2073 esse
1565 2031 1660 2072 sta-

651 2089 760 2143 tuit,
781 2090 932 2138 donec
955 2089 1130 2152 aliquid
1153 2089 1270 2138 certi
1290 2089 1489 2144 eluceat,
1515 2090 1595 2138 81.

717 2152 814 2198 AEt.
838 2170 914 2200 aa.
939 2169 1057 2202 xxx.
1079 2154 1161 2202 96.

719 2215 848 2280 Aug.
909 2233 998 2266 nec
1063 2215 1366 2265 Manichaeus
1429 2223 1518 2274 est,
1574 2231 1663 2264 nec

655 2277 949 2337 Catholicus,
985 2282 1064 2330 82.
1129 2280 1358 2329 Ecclesiae
1398 2280 1662 2328 doctrinam

653 2343 1664 2459 ffiffssg'ss'goeffissffizffissffl

655 2471 1003 2584 {gripturarum
1056 2474 1374 2523 auctoritatem
1431 2473 1661 2536 agnoscit,

659 2664 670 2675 ο
720 2601 884 2674 Inhiat
903 2601 1059 2652 adbuc
1077 2600 1347 2659 honoribus,
1367 2600 1532 2659 lucris,
1552 2617 1665 2650 con·

651 2667 1007 2778 JugAiiilffli-onis
1020 2737 1067 2778 et
1080 2729 1392 2792 cupiditatum
1408 2728 1663 2778 vanitatem

658 2793 898 2851 edocetur,
931 2794 1030 2842 viso
1061 2793 1276 2842 mendico
1316 2807 1412 2859 prae
1451 2793 1563 2842 vino
1589 2794 1663 2857 jo·

657 2864 799 2905 cante
817 2866 867 2905 et
883 2857 1094 2912 laetante,
1115 2857 1179 2906 ib.

723 2921 1005 2986 Panegyrim
1062 2920 1314 2970 conscribit
1366 2921 1416 2970 in
1469 2920 1663 2971 laudem

658 2985 977 3060 Imperatoris,
993 2987 1058 3036 ib.
1096 2987 1212 3036 forte
1227 2985 1552 3034 Valentiniani
1573 2987 1661 3033 mi·

657 3065 799 3105 noris,
821 3049 887 3100 ib.
908 3066 956 3100 n.

721 3114 912 3164 Anxius
932 3122 1004 3163 est
1023 3115 1083 3162 de
1105 3111 1212 3160 vitae
1237 3112 1410 3161 ratione
1436 3112 1663 3170 ineunda,

655 3179 736 3228 97.
805 3178 1170 3228 Conversionem
1212 3178 1274 3228 de
1326 3177 1404 3226 die
1446 3177 1494 3225 in
1541 3177 1665 3225 diem

657 3241 832 3297 differt,
853 3245 936 3292 98.

723 3308 848 3355 Eum
873 3309 936 3354 ab
962 3305 1168 3354 ineundo
1201 3303 1420 3370 conjug-io
1452 3321 1669 3354 revocare

667 3379 866 3421 conatur
880 3370 1193 3436 Alypius,98.
1225 3384 1344 3418 uxor
1363 3370 1408 3418 ei
1429 3370 1669 3434 quaeritur,

670 3435 750 3486 99.
807 3451 904 3500 quo
946 3435 1226 3499 conjugatus
1276 3435 1555 3500 baptizetur,
1600 3435 1663 3482 ib.

660 3500 944 3549 Concubina
961 3499 1011 3546 in
1027 3498 1239 3547 Africam
1259 3499 1410 3548 redire
1424 3499 1666 3564 permissa,

659 3563 804 3611 aliam
831 3565 931 3628 ipse
953 3571 1187 3627 procurat,
1213 3564 1322 3612 101.

722 3626 771 3674 A
827 3627 1010 3690 gurgite
1062 3626 1320 3676 carnalium
1365 3625 1662 3692 voluptatum

658 3697 787 3738 metu
825 3690 988 3739 mortis
1019 3697 1068 3736 et
1100 3688 1244 3738 futuri
1267 3689 1438 3754 judicii
1472 3706 1665 3740 revoca-

657 3753 815 3811 batur,
859 3753 943 3816 qui
995 3759 1149 3802 metus
1200 3754 1263 3800 ab
1315 3754 1422 3818 ejus
1477 3764 1667 3819 pectore

659 3833 901 3882 nunquam
923 3816 1131 3874 recessit,
1161 3819 1272 3865 101.

725 3883 804 3932 De
823 3882 922 3932 vita
942 3881 1176 3932 communi
1197 3879 1398 3945 agenda,
1417 3896 1525 3929 cum
1552 3883 1667 3930 ami·

659 3945 729 3995 eis
743 3947 997 4000 deliberat,
1023 3947 1131 3995 100.
1163 3946 1268 4011 ejus
1288 3945 1426 4001 ratio,
1449 3945 1514 3996 ib.
1552 3963 1667 3996 con·

657 4010 813 4061 silium
831 4012 1072 4076 abjicitur.
1098 4013 1206 4060 101.

723 4077 823 4124 AEt.
845 4095 923 4124 an.
943 4074 1074 4124 xxxi.
1104 4076 1212 4123 103.

723 4140 1012 4204 Ignorantiae
1034 4139 1234 4188 tenebris
1267 4137 1508 4187 involutus
1540 4145 1665 4184 errat

657 4203 814 4254 adhuc
835 4203 964 4253 circa
977 4204 1070 4253 Dei
1084 4211 1315 4259 naturam,
1337 4204 1446 4251 103.
1483 4202 1664 4250 Verum

655 4277 842 4318 contem
877 4269 1050 4317 latione
1061 4267 1290 4332 gradatim
1305 4281 1551 4330 assurgens
1560 4281 1665 4331 per·

655 4333 787 4382 venit
853 4348 1010 4382 emum
1051 4332 1114 4380 ad
1147 4349 1204 4381 in
1238 4348 1376 4386 ouon
1417 4347 1533 4388 ns·r;
1580 4331 1664 4378 sed

657 4398 798 4462 figere
838 4397 990 4448 aciem
1027 4411 1122 4445 non
1161 4397 1306 4456 valet,
1340 4397 1452 4445 119.
1499 4393 1662 4444 Credit

657 4462 706 4510 in
745 4463 985 4512 Christum
1021 4461 1177 4510 stabili
1210 4462 1320 4519 fide,
1342 4461 1424 4510 sed
1459 4459 1666 4516 informi,

664 4529 776 4582 111,
803 4529 912 4576 108.
949 4535 998 4574 et
1029 4541 1238 4585 erronea,
1262 4526 1328 4577 ib.
1359 4541 1468 4576 cum
1501 4523 1665 4573 Photi-

661 4590 810 4639 nianis
831 4590 1006 4656 quippe
1025 4589 1124 4641 sere
1143 4590 1451 4648 consentiens,
1477 4591 1588 4638 121.

1523 447 1845 508 INDEX.

1857 601 2209 652 Platonicorum
2236 603 2465 652 librorum
2496 603 2706 652 lectione
2738 605 2803 654 ad

1790 666 2120 716 inveniendam
2136 666 2381 716 veritatem
2398 667 2669 733 adjuvatur,
2692 671 2801 724 112.

1794 733 1902 781 122.
1963 731 2036 779 Ex
2062 731 2236 796 quibus
2270 733 2458 798 peritior
2490 734 2703 797 quidem,
2722 737 2804 784 sed

1789 796 1995 845 inflatior
2015 796 2185 849 evadit.
2212 799 2324 846 121.

1854 860 2042 909 Transit
2068 861 2129 910 ad
2166 861 2459 926 Scripturam
2494 863 2548 910 S.
2572 861 2803 910 maxime-

1790 940 1882 988 que
1914 926 1978 973 ad
2014 925 2292 1001 Apostolum
2330 925 2555 984 Paulum,
2578 927 2645 974 ib.
2670 927 2803 988 cujus

1790 989 1992 1038 lectione
2008 1006 2176 1038 mirum
2192 990 2239 1038 in
2252 991 2444 1038 modum
2464 990 2669 1056 proficit,
2690 993 2799 1040 123.

1855 1053 1955 1102 AEt.
1976 1071 2056 1103 an.
2079 1055 2226 1104 xxxii.
2252 1056 2365 1104 136.

1858 1118 2095 1184 Displicet
2118 1135 2255 1182 agere
2278 1120 2328 1168 in
2362 1119 2556 1177 saeculo,
2580 1119 2693 1168 126.
2733 1121 2797 1167 A·

1794 1194 1922 1231 more
1942 1191 2101 1232 tamen
2123 1183 2309 1233 ferninae
2331 1183 2585 1238 detinetur,
2607 1185 2672 1232 ib.
2716 1185 2804 1232 Vis

1790 1247 1931 1294 malae
1952 1249 2304 1298 consuetudinis
2330 1249 2381 1296 in
2413 1264 2543 1306 eum,
2572 1250 2681 1297 132.
2724 1249 2803 1296 Li-

1790 1319 1927 1373 gatus
1952 1328 2046 1360 non
2078 1311 2199 1361 ferro
2228 1313 2401 1368 alieno,
2424 1313 2508 1360 sed
2529 1328 2618 1361 sua
2650 1315 2805 1362 ferrea

1793 1375 2048 1433 voluntate,
2070 1377 2134 1426 ib.

1856 1440 2209 1504 Simplicianum
2232 1439 2349 1496 adit,
2372 1441 2480 1491 126.
2517 1449 2737 1489 movetur
2758 1449 2806 1489 et

2228 1506 2290 1618 ἒξ
2336 1520 2803 1616 1³⁵0

1789 1641 1923 1682 rante
1966 1634 2252 1691 Pontitiano,
2295 1635 2404 1690 134,
2450 1636 2557 1682 143.
2616 1649 2804 1683 necnon

1787 1698 2089 1807 ¹‹3onversione
2110 1700 2310 1748 duorum
2333 1705 2349 1729 ‘
2378 1697 2631 1762 Agentium
2656 1699 2707 1746 in
2732 1715 2805 1746 re-

1821 1763 1911 1819 us,’
1936 1764 2046 1813 136.

1852 1827 2040 1875 Secedit
2070 1827 2119 1875 in
2150 1826 2355 1880 hortum,
2388 1835 2617 1890 sequente
2647 1825 2803 1890 ipsum

1790 1888 1985 1956 Alypio,
2011 1893 2120 1941 138.
2160 1891 2361 1955 Spiritus
2388 1899 2439 1940 et
2472 1891 2629 1940 carnis
2661 1891 2715 1938 in
2748 1907 2806 1940 eo

1788 1952 2063 2013 luctamina,
2106 1957 2215 2004 141.
2276 1955 2384 2004 Nec
2416 1955 2579 2020 plene'
2596 1956 2804 2012 volebat,

1790 2031 1877 2068 nec
1898 2019 2035 2082 plene
2058 2021 2251 2070 nolebat
2272 2020 2497 2072 converti,
2516 2020 2627 2068 ideo
2642 2036 2805 2068 secum

1787 2085 2119 2142 contendebat,
2150 2085 2255 2134 139.
2324 2084 2441 2133 Plus
2461 2084 2511 2132 in
2532 2101 2591 2132 eo
2613 2085 2808 2132 valebat

1788 2146 1993 2197 deterius
2012 2148 2251 2205 inolitum,
2271 2164 2415 2213 quam
2448 2149 2620 2198 melius
2640 2149 2800 2198 insoli-

1791 2219 1913 2270 tum,
1939 2215 2047 2262 141.

1856 2276 1939 2326 Ab
1960 2275 2134 2342 Alypio
2156 2276 2407 2342 paululum
2430 2277 2625 2334 secedit,
2648 2286 2699 2326 et
2716 2278 2803 2326 sub

1790 2339 1884 2389 ficu
1907 2357 1956 2390 se
1971 2352 2197 2395 sternens.
2211 2341 2307 2390 vim
2323 2341 2677 2406 lachrymarum
2698 2358 2806 2406 pro·

1789 2405 2020 2462 fundit,ac
2032 2405 2127 2454 Dei
2138 2406 2497 2454 misericordiam
2506 2405 2805 2470 deprecatur,

1797 2471 1905 2519 142.
1951 2470 2095 2518 Vocis
2112 2470 2353 2518 admonitu
2364 2469 2481 2534 legit
2498 2470 2801 2534 Apostolum,

1792 2535 1971 2596 (Rom.
1998 2537 2076 2591 13,
2102 2537 2177 2585 13.
2206 2535 2311 2596 14.)
2332 2543 2382 2582 et
2408 2543 2537 2583 totus
2572 2535 2802 2584 converti-

1794 2607 1888 2656 tur,
1905 2601 2013 2648 143.
2052 2600 2237 2648 Iudicat
2250 2599 2403 2654 matri,
2422 2600 2531 2649 144.
2573 2601 2805 2648 Caelibem

1796 2665 1939 2712 vitam
1974 2663 2287 2730 amplectitur,
2329 2663 2516 2728 abjecta
2554 2665 2683 2712 omni
2722 2681 2805 2730 spe

1792 2727 1975 2786 saeculi,
1996 2727 2064 2777 ib.

1856 2793 2086 2840 Deserere
2108 2790 2437 2856 professionem
2456 2791 2715 2840 rhetorices
2726 2809 2806 2840 ns-

1792 2871 1885 2920 que
1908 2857 1969 2905 ad
1988 2855 2297 2904 vindemiales
2322 2855 2463 2905 ferias
2492 2856 2673 2911 differt,
2699 2858 2807 2906 146.

1790 2935 1935 2984 quam
1974 2921 2357 2985 paucissimorum
2392 2920 2576 2968 dierum
2612 2921 2803 2970 dilatio-

1790 3000 1897 3032 nem
1944 2994 2161 3043 excusat,
2204 2985 2267 3035 ib.
2330 3000 2623 3048 quamquam
2679 2986 2810 3035 haud

1793 3049 1939 3114 culpa
1959 3064 2153 3099 vacasse
2174 3065 2269 3098 non
2292 3049 2535 3105 diffitetur,
2567 3050 2680 3097 147.

1856 3115 2039 3162 Munus
2051 3113 2252 3163 docendi
2271 3114 2460 3163 tandem
2480 3113 2673 3170 deserit,
2696 3117 2716 3162 1
2728 3115 2809 3163 49.

1793 3179 2811 3316 {ffifssgss'ss‘ffia&3321323‘5540233

1798 3307 1925 3363 Deo,
1948 3308 2011 3355 ib.
2034 3315 2084 3356 et
2104 3323 2151 3354 n.

1860 3370 2102 3419 Feriarum
2113 3369 2461 3418 vindemialium
2476 3377 2569 3418 tem
2576 3385 2689 3433 pore
2700 3371 2811 3434 (i.e.

1797 3433 1883 3482 cir.
1918 3435 2009 3482 fin.
2037 3435 2208 3484 mensis
2250 3435 2379 3498 Aug.
2418 3434 2497 3482 vel
2532 3435 2639 3482 init.
2676 3436 2809 3499 Sept.

1796 3498 1932 3548 ΑΛ).
1954 3499 2097 3560 386.)
2130 3500 2179 3548 in
2198 3499 2471 3548 Verecundi
2494 3498 2662 3546 villam
2689 3501 2810 3548 Cas-

1794 3561 2017 3612 siciacum
2042 3563 2218 3613 secedit
2236 3579 2346 3612 cum
2367 3563 2481 3620 suis,
2511 3565 2623 3612 149.

1858 3627 2163 3677 Ambrosium
2184 3643 2266 3694 per
2283 3629 2461 3676 litteras
2474 3627 2683 3675 consulit
2694 3627 2811 3690 quid

1792 3690 2079 3755 potissimum
2121 3692 2181 3741 de
2225 3691 2481 3757 Scripturis
2514 3692 2608 3738 sibi
2648 3692 2810 3754 legen-

1794 3754 1909 3803 dum
1952 3758 2031 3813 sit,
2072 3766 2126 3806 ut
2168 3757 2229 3804 ad
2269 3757 2552 3822 baptismum
2584 3771 2637 3804 se
2668 3757 2811 3819 digne

1792 3830 2050 3932 ςξωρατεῐ,
2078 3822 2189 3871 153.
2222 3821 2399 3869 Isaiam
2419 3820 2577 3884 legere
2594 3819 2813 3884 jubetur,

1793 3900 1812 3931 r
1846 3920 1859 3932 .

1861 3947 2027 3996 Libros
2062 3948 2240 4011 aliquot
2272 3948 2340 3996 ibi
2376 3946 2648 4004 conscribit,
2671 3956 2723 3995 et
2750 3948 2813 3994 ad

1796 4010 2075 4060 Nebridium
2098 4013 2333 4078 epistolas,
2359 4011 2471 4069 149,
2502 4013 2615 4059 150.

1857 4077 1953 4124 AEt.
1982 4094 2060 4125 on.
2082 4075 2250 4126 xxxiii.

1858 4140 2156 4189 Recitatione
2220 4139 2473 4188 salmurum
2504 4139 2815 4188 vehementer

1790 4203 2011 4259 afficitur.
2044 4206 2195 4254 Catec
2230 4219 2429 4252 umenus
2464 4203 2516 4252 in
2548 4204 2669 4252 villa
2702 4219 2812 4253 cum

1791 4268 2149 4318 Catechumeno
2172 4268 2347 4334 Alypio
2364 4268 2576 4323 feriatus.
2602 4271 2719 4318 150.

1860 4333 2100 4382 Psalmum
2140 4343 2361 4398 quartum
2418 4332 2683 4381 meditatur
2728 4333 2812 4380 ad·

1790 4411 1949 4446 versus
1985 4399 2284 4448 Manichaeos
2320 4397 2397 4463 pie
2434 4399 2812 4455 excandescens,

1800 4464 1895 4511 150
1912 4479 1935 4511 s
2004 4495 2018 4509 .

1860 4478 2038 4576 9031?ae
2054 4527 2265 4575 dentium
2290 4524 2515 4574 acerrimo
2548 4523 2809 4577 cruciatur,

1802 4591 1907 4640 153.
1948 4593 2069 4640 Orat
2088 4607 2199 4641 cum
2220 4590 2313 4640 suis
2332 4597 2381 4639 et
2396 4589 2535 4639 dolor
2549 4590 2689 4656 fug-it,
2710 4589 2778 4638 ib.
