3042 5059
653 406 1372 478 CONFESSIONUM
1416 414 1705 478 LIBER
1749 411 1878 477 ΙΙΙ.
2313 420 2396 478 37

181 568 402 630 luitur.
495 569 658 641 Quae
691 578 902 632 autem
933 579 1154 633 contra
1181 590 1390 633 mores
1417 570 1752 632 hominum
1788 577 1951 632 sunt
1977 571 2240 652 flagitia,
2279 592 2397 653 pro

181 690 436 732 morum
465 668 832 733 diversitate
845 672 867 705 ¹·
896 669 1156 733 vitanda
1185 680 1367 748 sunt3
1414 680 1488 734 ut
1522 679 1780 754 pactum
1810 670 1975 734 inter
2014 693 2081 734 se
2123 667 2399 735 civitatis

181 781 298 834 aut
343 772 556 853 gentis
601 771 1060 835 consuetudine
1109 774 1212 835 vel
1261 774 1405 854 lege
1457 772 1799 849 firmatum,
1848 774 2028 835 nulla
2078 774 2237 836 civis
2290 783 2399 837 aut

178 873 508 954 peregrini
535 872 807 935 libidine
835 872 1125 937 violetur.
1215 875 1453 958 Turpis
1491 873 1662 936 enim
1702 875 1909 936 omnis
1948 896 2097 957 pars
2136 883 2233 938 est
2282 896 2395 938 suo

179 974 486 1037 universo
531 995 663 1036 non
716 995 1089 1056 congruens.
1181 976 1348 1039 Cum
1401 982 1612 1038 autem
1658 975 1839 1037 Deus
1884 974 2130 1058 aliquid
2177 984 2398 1038 contra

178 1096 428 1137 morem
458 1081 570 1137 aut
596 1084 858 1157 pactum
879 1077 1311 1159 quorumlibet
1321 1074 1527 1159 jubet,
1549 1075 1669 1139 etsi
1688 1095 2019 1160 nunquam
2040 1077 2133 1138 ibi
2159 1078 2399 1139 factum

180 1184 308 1253 est,
335 1176 700 1239 faciendum
738 1185 868 1239 est:
917 1184 982 1240 et
1019 1178 1072 1239 si
1116 1178 1444 1254 omissum,
1474 1176 1992 1254 instaurandum3
2039 1187 2103 1241 et
2132 1178 2186 1240 si
2216 1178 2397 1240 insti-

179 1284 398 1339 tutum
425 1298 558 1339 non
587 1285 741 1354 erat,
767 1276 1230 1340 instituendum
1268 1290 1383 1340 est.
1473 1279 1546 1341 Si
1585 1278 1757 1340 enim
1792 1279 1929 1360 regi
1966 1280 2119 1342 licet
2142 1279 2211 1340 in
2242 1279 2397 1343 civi-

179 1385 318 1440 tate
365 1378 470 1440 cui
512 1385 757 1459 regnat,
785 1376 1016 1461 jubere
1059 1378 1305 1463 aliquid
1342 1378 1515 1463 quod
1553 1401 1764 1463 neque
1806 1389 1953 1442 ante
1998 1380 2182 1443 illum
2222 1381 2395 1464 quis-

183 1500 408 1561 quam,
447 1500 570 1542 nec
614 1480 755 1561 ipse
800 1500 1084 1563 unquam
1114 1478 1430 1563 jusserat3
1487 1489 1555 1543 et
1594 1502 1726 1545 non
1767 1474 1989 1544 contra
2030 1482 2397 1545 societatem

184 1580 471 1643 civitatis
512 1581 574 1643 ei
615 1582 1106 1664 obtemperatur,
1145 1582 1276 1645 imo
1318 1589 1541 1645 contra
1580 1583 1951 1645 societatem
1994 1603 2125 1644 non
2155 1582 2397 1645 obtem-

184 1689 472 1763 peratur,
542 1679 858 1761 (generale
921 1682 1166 1765 quippe
1225 1690 1489 1765 pactum
1550 1691 1648 1747 est
1709 1684 2029 1746 societatis
2099 1684 2397 1747 humanae

185 1781 449 1843 obedire
485 1782 744 1862 regibus
783 1782 958 1863 suis‚)
1003 1791 1242 1865 quanto
1292 1784 1498 1863 magis
1543 1785 1687 1846 Deo
1724 1784 2042 1865 regnatori
2085 1785 2397 1847 universae

186 1889 495 1945 creaturae
539 1904 694 1960 suae,
733 1881 817 1945 ad
865 1904 943 1945 ea
983 1903 1128 1967 quae
1168 1882 1450 1967 jusserit,
1497 1884 1635 1946 sine
1684 1883 2079 1947 dubitatione
2124 1886 2397 1947 servien-

187 1983 344 2047 dum
405 1981 539 2047 est!
619 1983 801 2047 Sicut
857 1984 1028 2047 enim
1081 1985 1152 2046 in
1209 1986 1637 2067 potestatibus
1696 1985 2019 2048 societatis
2078 1986 2398 2065 humanae,

185 2084 391 2168 major
432 2092 722 2169 potestas
755 2085 988 2147 minori
1029 2084 1111 2147 ad
1148 2085 1574 2148 obediendum
1611 2086 2040 2168 praeponitur3
2084 2087 2177 2150 ita
2218 2089 2399 2149 Deus

189 2186 517 2249 omnibus.

280 2292 382 2349 16.
431 2289 601 2350 Item
643 2288 714 2350 in
756 2284 1191 2367 facinoribus¹,
1228 2288 1342 2351 ubi
1383 2287 1590 2351 libido
1634 2296 1731 2351 est
1768 2288 2065 2365 nocendi,
2111 2289 2243 2352 sive
2286 2310 2401 2372 per

187 2388 667 2465 contumeliam,
707 2389 842 2451 sive
885 2409 1004 2471 per
1043 2384 1376 2472 injuriam3
1421 2398 1487 2451 et
1530 2398 1867 2473 utrumque
1906 2391 2007 2452 vel
2044 2388 2401 2453 ulciscendi

187 2510 408 2568 causa,
439 2489 608 2553 sicut
639 2489 902 2553 inimico
941 2490 1277 2567 inimicus3
1325 2492 1426 2553 vel
1465 2490 1867 2574 adipiscendi
1908 2490 2180 2573 alicujus
2219 2499 2403 2554 extra

187 2590 534 2669 commodi,
575 2592 745 2655 sicut
778 2593 939 2654 latro
977 2592 1239 2668 viatori3
1285 2594 1386 2655 vel
1425 2591 1706 2654 evitandi
1757 2592 1931 2669 mali,
1975 2592 2146 2655 sicut
2185 2591 2244 2653 ei
2289 2592 2402 2674 qui

188 2691 482 2768 timetur3
529 2693 633 2754 vel
653 2690 1027 2771 invidendo,
1057 2692 1226 2755 sicut
1252 2692 1520 2756 feliciori
1551 2693 1873 2769 miserior3
1920 2701 2033 2755 aut
2072 2693 2142 2754 in
2182 2692 2401 2774 aliquo

187 2800 620 2877 prosperatuS,
658 2792 720 2855 ei
757 2814 948 2876 quem
993 2793 1118 2855 sibi
1165 2793 1406 2877 aequari
1448 2793 1631 2856 timet
1674 2801 1785 2857 aut
1828 2795 2142 2876 aequalem
2188 2792 2399 2868 dolet3

189 2896 292 2957 vel
337 2897 478 2958 sola
519 2896 844 2978 voluptate
889 2894 1081 2957 alieni
1117 2895 1292 2971 mali,
1330 2894 1498 2957 sicut
1534 2903 1923 2976 spectatores
1961 2893 2402 2974 gladiatom‚

192 3004 304 3059 aut
318 2993 629 3082 irrisores»,
651 3004 761 3058 aut
778 2995 1070 3058 illusores
1090 2996 1551 3078 quorumlibet:
1597 2995 1741 3057 haec
1764 3004 1911 3057 sunt
1933 2994 2147 3075 capita
2165 2988 2402 3076 iniqui-

192 3098 362 3174 tatis,
391 3118 541 3181 quae
569 3097 892 3179 pullulant
916 3095 1328 3179 principandi
1357 3104 1423 3159 et
1449 3095 1787 3178 spectandi
1817 3104 1882 3160 et
1910 3094 2228 3158 sentiendi
2254 3094 2401 3156 libi-
2425 3118 2446 3163 1
2474 3117 2587 3167 Joh.

195 3198 346 3261 dine
359 3200 406 3275 ¹¹,
428 3206 541 3261 aut
555 3219 705 3275 una,
729 3207 839 3260 aut
859 3196 1110 3274 duabus
1128 3219 1363 3273 earum,
1386 3206 1498 3261 aut
1519 3197 1709 3259 simul
1730 3197 2058 3273 omnibus3
2089 3205 2153 3259 et
2172 3196 2404 3258 vivitur
2418 3183 2470 3242 ²³
2499 3184 2576 3231 ¹⁶·

193 3300 363 3361 male
411 3298 715 3361 adversus
753 3298 884 3361 tria-
911 3280 976 3361 et
1010 3306 1254 3380 septem
1269 3293 1302 3373 ¹,
1330 3300 1720 3377 psalteri-um
1761 3299 1974 3361 decem
2012 3297 2401 3360 chordarum
2418 3319 2502 3431 gs,
2527 3320 2643 3373 143,

266 3457 291 3495 Ι·
327 3458 536 3515 Quando
591 3458 713 3507 enim
769 3474 869 3508 mos
920 3467 1037 3519 erat,
1091 3459 1270 3509 crimen
1421 3449 1597 3515 iQuod
1614 3457 1712 3523 agit
1725 3456 1950 3505 indomita
1971 3456 2201 3522 cupiditas
2220 3458 2281 3505 ad
2299 3471 2401 3504 cor-

191 3536 292 3569 non
335 3529 477 3582 erat;
531 3532 580 3570 et
622 3538 749 3571 nunc
798 3532 1042 3589 propterea
1092 3524 1270 3572 crimen
1333 3523 1647 3587 rumpendum
1688 3522 1915 3577 animum,
1954 3531 2001 3571 et
2038 3537 2205 3585 corpus
2245 3536 2401 3575 suum.

192 3593 282 3642 est,
309 3587 424 3651 quia
455 3602 556 3635 mos
587 3602 681 3635 non
714 3594 816 3636 est:
859 3588 953 3637 alia
989 3588 1114 3638 enim
1163 3595 1272 3636 sunt
1338 3586 1593 3651 Flagitium
1613 3595 1823 3635 vocatur.
1872 3586 2014 3644 Quod
2036 3594 2193 3634 autem
2214 3586 2325 3649 agit.
2349 3596 2403 3633 ut

193 3659 398 3714 peccata
453 3659 618 3699 contra
671 3660 905 3707 naturam.
960 3652 1054 3700 alia
1108 3660 1269 3700 contra
1335 3650 1469 3699 alteri
1501 3660 1685 3705 noceat,
1712 3650 1915 3699 Facinus
1946 3650 2133 3699 dicitur.
2201 3651 2263 3697 Et
2296 3650 2399 3698 haec

195 3729 366 3771 mores,
390 3714 487 3763 alia
519 3723 680 3764 contra
703 3724 957 3781 praecepta.
1001 3719 1124 3781 Aug.
1157 3732 1270 3764 con·
1337 3716 1431 3763 duo
1469 3724 1577 3763 sunt
1612 3730 1783 3779 genera
1820 3715 2026 3763 omnium
2066 3722 2397 3779 peccatorum:

193 3786 267 3826 tra
300 3778 466 3827 Faust.
499 3778 538 3828 l.
562 3779 674 3829 xxii.
700 3797 746 3827 c.
772 3782 848 3827 47.
902 3783 1026 3839 Quae
1060 3796 1168 3829 cum
1206 3780 1272 3828 ita
1335 3780 1414 3828 sed
1428 3780 1603 3843 flagitia
1622 3780 1775 3854 priora
1794 3789 1918 3828 sunt.
1971 3782 2094 3838 Quae
2113 3794 2220 3826 cum
2244 3778 2402 3826 exina-

195 3842 303 3897 siut,
338 3842 570 3891 haereticis
601 3843 808 3908 quidem,
841 3845 938 3893 sive
973 3843 1270 3900 Manichaeis,
1337 3843 1537 3891 niverint
1558 3858 1783 3901 animum,
1807 3852 1854 3891 et
1887 3844 1947 3891 ad
1968 3844 2205 3907 quandam
2225 3851 2403 3905 egesta-

197 3906 293 3955 sive
317 3907 609 3971 quicumque
631 3907 713 3955 alii
745 3909 954 3973 patribus
973 3909 1139 3957 veteris
1155 3910 1272 3956 Tes·
1337 3917 1431 3955 tem
1466 3908 1781 3972 perduxerint,
1815 3907 1861 3954 in
1902 3907 2110 3955 facinora
2150 3904 2402 3971 prosilitur,

195 3972 391 4020 tamenti
411 3973 472 4020 de
502 3971 716 4036 pluribus
737 3972 1088 4021 calumniantur
1123 3972 1272 4021 uxori·
1338 3987 1432 4035 quo
1469 3980 1795 4019 removeantur
1836 3971 2167 4035 impedimenta
2207 3970 2403 4033 flagitio·

195 4036 306 4091 bus,
350 4036 462 4084 satis
499 4050 732 4101 superque
776 4052 1047 4101 responsum
1091 4046 1190 4095 est;
1235 4036 1276 4085 si
1339 4051 1462 4091 rum,
1483 4043 1566 4082 aut
1586 4036 1856 4097 adjumenta
1868 4043 2151 4108 quaerantur.
2197 4032 2325 4097 Aug.
2344 4033 2405 4082 de

197 4108 358 4147 tamen
390 4099 589 4165 capiunt
617 4115 711 4148 non
742 4116 841 4149 esse
872 4110 1120 4166 peccatum
1147 4102 1275 4164 quod
1341 4102 1502 4147 Doctr.
1529 4098 1779 4147 Christian.
1806 4098 1864 4145 L.
1886 4098 1952 4145 iii.
1977 4100 2021 4159 §.
2046 4098 2121 4145 16.

197 4178 352 4228 neque
375 4174 540 4213 contra
573 4171 788 4212 naturam
822 4165 1142 4223 committitur,
1164 4166 1277 4229 quia
1405 4164 1434 4200 k
1468 4164 1588 4211 Haec
1622 4164 1744 4210 enim
1778 4162 1866 4209 tria
1897 4177 2068 4225 genera
2100 4161 2332 4217 vitiorum,
2356 4160 2405 4208 id

195 4244 294 4276 non
327 4228 604 4277 lasciviendi
640 4230 720 4277 sed
753 4229 970 4293 gignendi
1009 4230 1150 4277 causa
1184 4230 1278 4277 illis
1340 4236 1424 4283 est,
1446 4228 1663 4291 voluptas
1696 4226 1847 4275 carnis
1876 4234 1924 4274 et
1952 4226 2169 4290 superbia
2188 4234 2236 4273 et
2255 4226 2405 4271 curio-

197 4292 402 4341 foeminis
423 4294 692 4348 utebantur,
711 4308 865 4357 neque
888 4302 1052 4342 contra
1080 4309 1276 4349 morem,
1341 4294 1450 4342 sitas
1469 4291 1625 4340 omnia
1645 4300 1838 4403 peccata
1870 4290 2174 4338 concludunt.
2208 4290 2335 4353 Aug.
2356 4288 2407 4337 in

195 4357 308 4421 quia
347 4357 446 4405 illis
489 4358 774 4421 temporibus
815 4372 872 4406 ea
927 4358 1276 4409 factitabantur.
1345 4358 1427 4405 Ps.
1448 4358 1494 4404 8.
1527 4356 1621 4403 vid.
1689 4392 1701 4404 .
1724 4370 1772 4403 x.
1798 4370 1841 4403 c.
1860 4355 1923 4403 30
1944 4372 2049 4419 sqq.

197 4436 256 4469 ne
289 4436 354 4469 ue
377 4420 542 4469 contra
563 4430 868 4487 praeceptum,
887 4423 1000 4486 quia
1018 4422 1153 4471 nulla
1176 4422 1278 4485 lege
1408 4420 1421 4457 1
1463 4420 1732 4485 Decalogus
1767 4419 1891 4468 enim
1934 4418 2049 4483 legis
2086 4418 2249 4467 decem
2289 4433 2410 4481 prae-

195 4438 588 4549 proliibebantur.
639 4486 839 4551 August.
860 4488 920 4536 de
943 4488 1078 4536 Bono
1096 4486 1278 4551 Conju·
1343 4495 1481 4552 cepta
1525 4485 1684 4538 habet,
1728 4500 1835 4549 quae
1890 4484 1955 4532 sic
2000 4491 2108 4533 sunt
2145 4482 2407 4535 distributa,

197 4549 313 4613 gali,
337 4566 386 4599 c.
409 4552 493 4598 25.
1347 4558 1396 4599 ut
1445 4549 1533 4597 tria
1588 4549 1844 4615 pertineant
1897 4550 1956 4597 ad
2006 4550 2183 4603 Deum,
2232 4556 2408 4613 septem
