3042 5059
680 374 1398 442 coNFEssmNUM
1442 380 1728 445 LIBER
1770 380 1924 442 vn.
2012 354 2031 372 ⁶
2280 376 2401 441 109

197 527 558 608 procurasti
599 530 976 611 pervicacioe
1018 554 1200 609 meze,
1243 554 1374 617 qua
1423 534 1785 597 obluctatus
1828 554 1969 596 sum
2014 531 2403 597 Vindiciano

196 635 390 690 acuto
447 627 608 706 seni,
665 637 730 693 et
784 631 1098 694 Nebridio
1159 632 1550 697 adolescenti
1604 634 1914 698 mirabilis
1970 634 2237 698 animae:
2305 634 2401 696 illi

197 727 610 793 vehementer
652 732 1010 809 affirmanti,
1039 733 1192 796 huic
1235 755 1384 797 cum
1427 733 1825 797 dubitatione
1864 732 2125 818 quidem
2163 734 2401 818 aliqua,

196 830 317 893 sed
362 839 579 895 tamen
624 833 846 896 crebro
887 832 1148 909 dicenti,
1173 855 1307 897 non
1343 854 1484 897 esse
1526 834 1702 897 illam
1720 831 1751 862 '
1779 842 1977 897 artem
2005 834 2214 897 futura
2240 856 2403 917 prae-

194 928 494 1007 videndi3
539 930 938 1015 conjecturas
965 942 1182 997 autem
1208 935 1543 997 hominum
1569 935 1805 999 habere
1835 955 2007 1017 saepe
2034 934 2167 995 vim
2194 934 2403 1011 sortis,

194 1036 268 1091 et
297 1031 503 1093 multa
535 1030 810 1095 dicendo
852 1031 984 1096 dici
1027 1034 1332 1118 pleraque
1368 1042 1653 1111 ventura,
1680 1034 2115 1097 nescientibus
2154 1033 2249 1097 eis
2291 1034 2405 1117 qui

192 1128 507 1209 dicerent,
536 1131 652 1195 sed
678 1132 748 1195 in
776 1153 854 1195 ea
879 1153 1014 1195 non
1040 1132 1312 1198 tacendo
1339 1134 1835 1199 incurrentibus:
1871 1134 2227 1217 procurasti
2252 1154 2407 1214 ergo

192 1238 269 1293 tu
294 1230 624 1295 hominem
653 1233 1106 1326 amicum,mon
1133 1233 1394 1319 quidem
1424 1256 1685 1317 segnem
1712 1234 2135 1299 consultorem
2162 1234 2404 1297 mathe-

192 1332 599 1411 maticorum,
627 1355 748 1398 nec
779 1355 888 1397 eas
914 1335 1157 1398 litteras
1183 1337 1348 1399 bene
1378 1336 1752 1412 callentem;
1798 1334 1933 1413 sed,
1960 1342 2034 1397 ut
2060 1333 2224 1410 dixi,
2253 1354 2408 1397 con-

195 1432 503 1495 sultorem
549 1434 890 1512 curiosum,
933 1442 998 1498 et
1039 1445 1250 1499 tamen
1293 1437 1603 1501 scientem
1650 1435 1898 1521 aliquid
1942 1434 2117 1520 quod
2155 1456 2194 1497 a
2228 1442 2409 1517 patre

196 1554 318 1595 suo
348 1555 419 1596 se
447 1534 703 1599 audisse
731 1536 1008 1614 dicebat,
1038 1536 1216 1619 quod
1229 1534 1259 1562 ⁸
1300 1544 1613 1621 quantum
1650 1536 1891 1600 valeret
1923 1535 2008 1599 ad
2043 1535 2219 1598 illius
2257 1535 2413 1599 artis

197 1632 576 1715 opinionem
605 1636 1008 1699 evertendam
1045 1638 1398 1717 ignorabat.
1489 1639 1563 1701 Is
1588 1658 1740 1718 ergo
1771 1636 1867 1699 vir
1893 1636 2151 1699 nomine
2184 1635 2409 1697 Firmi·

198 1756 349 1813 nus,
378 1737 727 1803 liberaliter
774 1738 1108 1802 institutus
1151 1736 1230 1801 et'
1253 1741 1553 1803 excultus
1602 1738 1884 1822 eloquin,
1928 1758 2077 1801 cum
2124 1756 2227 1799 me
2271 1743 2409 1799 tan-

197 1856 401 1919 quam
431 1839 896 1918 charissimum,
927 1838 1008 1903 de
1038 1839 1424 1924 quibusdam
1455 1841 1591 1903 suis
1616 1841 1829 1915 rebus,
1858 1839 1927 1901 in
1958 1858 2119 1921 quas
2150 1837 2412 1899 saecula-

197 1938 290 1999 ris
333 1960 484 2021 spes
513 1938 652 2023 ejus
680 1940 1084 2020 intumuerat,
1101 1943 1462 2005 consuleret
1487 1939 1651 2025 quid
1676 1940 1837 2003 mihi
1868 1936 2221 2003 secundum
2242 1957 2414 2012 suas,

200 2060 370 2121 quas
397 2041 918 2105 constellationes
948 2043 1294 2125 appellant,
1321 2041 1675 2116 videretur3
1720 2061 1841 2121 ego
1871 2048 2107 2115 autem,
2137 2036 2252 2120 qui
2276 2037 2414 2121 jam

201 2139 286 2202 de
316 2140 442 2204 hac
469 2162 538 2204 re
567 2142 638 2204 in
667 2141 963 2206 Nebridii
993 2144 1372 2208 sententiam
1409 2142 1585 2206 flecti
1621 2162 1963 2224 coeperam‚
1990 2160 2124 2202 non
2154 2136 2413 2222 quidem

202 2241 554 2304 abnuerem
597 2242 913 2326 conjicere
955 2264 1032 2307 ac
1075 2243 1288 2307 dicere
1332 2242 1510 2327 quod
1550 2240 1804 2305 nutanti
1846 2240 2256 2315 occurrebat3
2302 2237 2415 2300 sed

204 2353 423 2407 tamen
467 2344 866 2429 subjicerem,
908 2367 1112 2431 prope
1143 2346 1284 2430 jam
1328 2368 1470 2411 esse
1515 2345 1677 2409 mihi
1727 2364 2102 2428 persuasum
2144 2340 2417 2404 ridicula

202 2447 322 2509 illa
347 2467 490 2509 esse
519 2454 586 2509 et
611 2447 860 2511 inania:
906 2454 1044 2510 tum
1070 2449 1180 2511 ille
1211 2449 1370 2511 mihi
1396 2447 1677 2511 narravit
1710 2454 1957 2529 patrem
1992 2464 2176 2507 suum
2218 2441 2418 2505 fuisse

204 2548 516 2610 librorum
545 2548 766 2611 talium
795 2548 1323 2627 curiosissimum,
1353 2558 1418 2612 et
1443 2548 1749 2611 habuisse
1782 2546 2060 2609 amicum
2091 2563 2275 2626 aeque
2304 2542 2417 2604 illa

205 2648 528 2731 simulque
558 2655 944 2726 sectantem3
988 2649 1102 2733 qui
1131 2650 1272 2731 pari
1303 2648 1514 2713 studio
1544 2656 1611 2711 et
1638 2645 1981 2711 collatione
2010 2644 2321 2707 flatabant
2346 2642 2416 2703 in

207 2769 322 2811 eas
349 2770 558 2828 nugas
577 2748 792 2829 ignem
820 2748 1033 2813 cordis
1061 2749 1164 2811 sui
1177 2746 1228 2825 ³,
1256 2749 1348 2813 ita
1387 2758 1462 2811 ut
1504 2758 1824 2811 mutorum
1875 2765 2133 2829 quoque
2177 2743 2417 2807 anima-

204 2849 392 2926 lium,
423 2849 479 2911 si
509 2870 638 2933 qua
665 2848 840 2911 domi
866 2857 1181 2932 parerent,
1208 2851 1618 2912 observarent
1648 2855 1970 2909 momenta
1995 2843 2419 2917 nascentium,

208 2959 408 3035 atque
437 2951 520 3014 ad
547 2973 626 3015 ea
662 2952 811 3016 coeli
849 2953 1236 3035 positionem
1275 2960 1591 3029 notarent,
1619 2949 1792 3013 unde
1829 2948 2005 3011 iuius
2042 2946 2229 3030 quasi
2268 2944 2423 3008 artis

207 3053 654 3137 experimenta
690 3054 1078 3135 colligerent.
1167 3055 1398 3137 Itaque
1443 3052 1701 3115 dicebat
1736 3048 1991 3112 audisse
2030 3066 2097 3109 se
2140 3067 2179 3108 a
2217 3051 2423 3129 patre,

207 3152 390 3237 quod
432 3174 580 3217 cum
623 3153 922 3217 eumdem
962 3150 1356 3217 Firminum'
1385 3172 1727 3237 praegnans
1768 3155 1969 3211 mater
2010 3153 2202 3222 esset,
2227 3144 2423 3206 etiam

208 3254 388 3317 illius
416 3254 665 3338 paterni
685 3254 876 3319 amici
901 3255 1142 3318 famula
1158 3253 1452 3339 quaedam
1472 3252 1709 3337 pantes
1728 3258 1909 3313 utero
1929 3245 2425 3328 grandescebat;

211 3354 394 3440 quod
438 3355 636 3419 latere
675 3377 808 3419 non
847 3355 1063 3439 potuit
1103 3354 1454 3432 dominum,
1497 3353 1611 3438 qui
1656 3352 1846 3415 etiam
1892 3368 2123 3413 canum
2168 3366 2425 3410 suarum

210 3464 438 3542 partus
489 3455 1036 3520 examinatissima
1093 3447 1428 3536 diligentia
1473 3474 1666 3517 nosse
1715 3452 2010 3516 curabat:
2088 3456 2282 3531 atque
2332 3446 2427 3507 ita

209 3557 457 3621 factmn
488 3578 628 3620 esse
670 3564 742 3619 ut
785 3578 934 3621 cum
975 3556 1096 3619 iste
1134 3553 1454 3638 conjugis,
1482 3554 1593 3617 ille
1628 3560 1843 3615 autem
1884 3548 2137 3613 ancillae
2180 3546 2320 3609 dies
2362 3552 2427 3607 et

211 3659 428 3735 horas,
467 3657 968 3741 minutioresque
1023 3658 1322 3720 horarum
1368 3654 1671 3717 articulos
1714 3648 2087 3715 cautissima
2128 3649 2427 3709 observa-

212 3757 390 3821 tione
430 3766 855 3834 numerarent,
883 3757 1098 3820 enixae
1143 3763 1358 3819 essent
1391 3755 1598 3817 ambae
1638 3751 1861 3827 simu13
1920 3751 2015 3813 ita
2052 3756 2126 3811 ut
2168 3746 2426 3810 easdem

215 3859 736 3922 constellationes
784 3878 992 3942 usque
1039 3856 1123 3921 ad
1170 3855 1428 3919 easdem
1477 3854 1783 3917 minutias
1833 3852 2087 3934 utrique
2136 3848 2428 3912 nascenti

213 3961 422 4023 facere
453 3966 850 4041 cogerentur,
878 3958 1000 4021 iste
1030 3957 1189 4033 filio,
1215 3957 1328 4019 ille
1369 3955 1639 4017 servulo.
1730 3953 1903 4015 Nam
1942 3971 2090 4014 cum
2128 3946 2428 4009 mulieres

213 4061 530 4145 parturire
551 4061 920 4145 coepissent,
937 4058 1382 4122 indicaverunt
1409 4054 1535 4118 sibi
1564 4056 1755 4117 ambo
1784 4050 1943 4135 quid
1973 4072 2091 4113 sua
2118 4048 2429 4132 cujusque

214 4163 412 4227 domo
452 4169 764 4243 ageretur,
798 4168 863 4224 et
906 4166 1288 4245 paraverunt
1325 4176 1489 4241 quos
1538 4152 1621 4218 ad
1665 4174 1735 4217 se
1770 4151 2047 4214 invicem
2087 4148 2430 4224 mitterent,

213 4265 410 4327 simul
439 4270 514 4326 ut
541 4270 764 4325 natum
792 4260 968 4346 quod
993 4259 1462 4343 parturiebatur
1480 4262 1652 4319 esset
1678 4253 1913 4336 cuique
1934 4250 2017 4314 ad
2037 4249 2431 4323 nuntiatum3

215 4364 398 4449 quod
445 4373 664 4429 tamen
701 4370 776 4427 ut
806 4362 1112 4427 continuo
1155 4359 1571 4433 nuntiaretur,
1610 4365 1918 4438 tanquam
1958 4352 2029 4413 in
2067 4370 2267 4433 regno
2314 4368 2433 4411 suo

213 4464 408 4529 facile
439 4464 800 4527 effecerant.
889 4464 1100 4546 Atque
1131 4461 1244 4539 ita,
1274 4458 1388 4543 qui
1419 4459 1500 4521 ab
1540 4455 1841 4519 alterutro
1877 4451 2059 4517 missi
2102 4456 2275 4528 sunt,
2302 4456 2436 4513 tam
