<?xml version="1.0" encoding="UTF-8"?>
<!DOCTYPE html PUBLIC "-//W3C//DTD XHTML 1.0 Transitional//EN"
    "http://www.w3.org/TR/xhtml1/DTD/xhtml1-transitional.dtd">
<html xmlns="http://www.w3.org/1999/xhtml" xml:lang="en" lang="en">
 <head>
  <title>
</title>
<meta http-equiv="Content-Type" content="text/html;charset=utf-8" />
  <meta name='ocr-system' content='tesseract 3.04.00' />
  <meta name='ocr-capabilities' content='ocr_page ocr_carea ocr_par ocr_line ocrx_word'/>
</head>
<body>
  <div class='ocr_page' id='page_1' title='image "./confessionespos00dubogoog_0116.png"; bbox 0 0 3042 5059; ppageno 0'>
   <div class='ocr_carea' id='block_1_1' title="bbox 645 352 2302 423">
    <p class='ocr_par' dir='ltr' id='par_1_1' title="bbox 645 352 2302 423">
     <span class='ocr_line' id='line_1_1' title="bbox 645 352 2302 423; baseline -0.004 -2"><span class='ocrx_word' id='word_1_1' title='bbox 645 364 729 421; x_wconf 82' lang='lat'>94</span> <span class='ocrx_word' id='word_1_2' title='bbox 1201 356 1266 423; x_wconf 88' lang='lat' dir='ltr'>S.</span> <span class='ocrx_word' id='word_1_3' title='bbox 1313 353 1834 419; x_wconf 86' lang='lat' dir='ltr'><strong>AUGUSTINI</strong></span> <span class='ocrx_word' id='word_1_4' title='bbox 1882 352 2302 417; x_wconf 89' lang='lat' dir='ltr'><strong>EPISCOPI</strong></span> 
     </span>
    </p>
   </div>
   <div class='ocr_carea' id='block_1_2' title="bbox 402 505 2877 3552">
    <p class='ocr_par' dir='ltr' id='par_1_2' title="bbox 402 505 2877 3552">
     <span class='ocr_line' id='line_1_2' title="bbox 404 505 2866 600; baseline -0.002 -29"><span class='ocrx_word' id='word_1_5' title='bbox 404 536 570 599; x_wconf 63' lang='lat' dir='ltr'>appi-q·</span> <span class='ocrx_word' id='word_1_6' title='bbox 631 515 768 600; x_wconf 86' lang='lat' dir='ltr'>jam</span> <span class='ocrx_word' id='word_1_7' title='bbox 797 534 900 576; x_wconf 90' lang='lat' dir='ltr'>me</span> <span class='ocrx_word' id='word_1_8' title='bbox 929 512 1200 577; x_wconf 84' lang='lat' dir='ltr'>audiens</span> <span class='ocrx_word' id='word_1_9' title='bbox 1231 509 1406 595; x_wconf 90' lang='lat' dir='ltr'>apud</span> <span class='ocrx_word' id='word_1_10' title='bbox 1438 508 1919 591; x_wconf 80' lang='lat' dir='ltr'>Carthaginem,</span> <span class='ocrx_word' id='word_1_11' title='bbox 1948 519 2015 573; x_wconf 88' lang='lat' dir='ltr'>et</span> <span class='ocrx_word' id='word_1_12' title='bbox 2050 508 2267 573; x_wconf 89' lang='lat' dir='ltr'>medio</span> <span class='ocrx_word' id='word_1_13' title='bbox 2302 508 2407 572; x_wconf 91' lang='lat' dir='ltr'>die</span> <span class='ocrx_word' id='word_1_14' title='bbox 2440 506 2761 590; x_wconf 78' lang='lat' dir='ltr'>cogitaret</span> <span class='ocrx_word' id='word_1_15' title='bbox 2795 505 2866 567; x_wconf 89' lang='lat' dir='ltr'>in</span> 
     </span>
     <span class='ocr_line' id='line_1_3' title="bbox 402 586 2865 701; baseline -0.004 -24"><span class='ocrx_word' id='word_1_16' title='bbox 402 586 568 701; x_wconf 52' lang='lat' dir='ltr'>psgdn-</span> <span class='ocrx_word' id='word_1_17' title='bbox 639 614 774 677; x_wconf 88' lang='lat' dir='ltr'>foro</span> <span class='ocrx_word' id='word_1_18' title='bbox 819 612 997 698; x_wconf 88' lang='lat' dir='ltr'>quod</span> <span class='ocrx_word' id='word_1_19' title='bbox 1037 613 1412 676; x_wconf 77' lang='lat' dir='ltr'>recitaturus</span> <span class='ocrx_word' id='word_1_20' title='bbox 1457 619 1611 690; x_wconf 91' lang='lat' dir='ltr'>erat,</span> <span class='ocrx_word' id='word_1_21' title='bbox 1646 611 1836 674; x_wconf 88' lang='lat' dir='ltr'>sicuti</span> <span class='ocrx_word' id='word_1_22' title='bbox 1880 610 2165 675; x_wconf 83' lang='lat' dir='ltr'>exerceri</span> <span class='ocrx_word' id='word_1_23' title='bbox 2210 610 2585 673; x_wconf 81' lang='lat' dir='ltr'>scholastici</span> <span class='ocrx_word' id='word_1_24' title='bbox 2632 609 2865 685; x_wconf 82' lang='lat' dir='ltr'>solent,</span> 
     </span>
     <span class='ocr_line' id='line_1_4' title="bbox 641 712 2865 799; baseline -0.004 -18"><span class='ocrx_word' id='word_1_25' title='bbox 641 717 848 781; x_wconf 79' lang='lat' dir='ltr'>sivisti</span> <span class='ocrx_word' id='word_1_26' title='bbox 897 738 1044 780; x_wconf 88' lang='lat' dir='ltr'>eum</span> <span class='ocrx_word' id='word_1_27' title='bbox 1095 715 1557 799; x_wconf 89' lang='lat' dir='ltr'>comprehendi</span> <span class='ocrx_word' id='word_1_28' title='bbox 1608 718 1689 779; x_wconf 84' lang='lat' dir='ltr'>ab</span> <span class='ocrx_word' id='word_1_29' title='bbox 1746 714 2043 779; x_wconf 85' lang='lat' dir='ltr'>aeditimis</span> <span class='ocrx_word' id='word_1_30' title='bbox 2094 713 2215 777; x_wconf 86' lang='lat' dir='ltr'>fori</span> <span class='ocrx_word' id='word_1_31' title='bbox 2272 722 2583 797; x_wconf 83' lang='lat' dir='ltr'>tanquam</span> <span class='ocrx_word' id='word_1_32' title='bbox 2640 712 2865 775; x_wconf 89' lang='lat' dir='ltr'>furem.</span> 
     </span>
     <span class='ocr_line' id='line_1_5' title="bbox 643 812 2868 900; baseline -0.004 -17"><span class='ocrx_word' id='word_1_33' title='bbox 643 822 797 883; x_wconf 93' lang='lat' dir='ltr'>Non</span> <span class='ocrx_word' id='word_1_34' title='bbox 824 819 1092 882; x_wconf 75' lang='lat' dir='ltr'>arbitror</span> <span class='ocrx_word' id='word_1_35' title='bbox 1121 812 1312 881; x_wconf 72' lang='lat' dir='ltr'>alia‘m</span> <span class='ocrx_word' id='word_1_36' title='bbox 1341 819 1425 881; x_wconf 93' lang='lat' dir='ltr'>ob</span> <span class='ocrx_word' id='word_1_37' title='bbox 1457 838 1718 881; x_wconf 88' lang='lat' dir='ltr'>causam</span> <span class='ocrx_word' id='word_1_38' title='bbox 1746 824 1811 879; x_wconf 90' lang='lat' dir='ltr'>te</span> <span class='ocrx_word' id='word_1_39' title='bbox 1840 816 2228 900; x_wconf 86' lang='lat' dir='ltr'>permisisse,</span> <span class='ocrx_word' id='word_1_40' title='bbox 2252 816 2437 877; x_wconf 90' lang='lat' dir='ltr'>Deus</span> <span class='ocrx_word' id='word_1_41' title='bbox 2465 822 2706 890; x_wconf 81' lang='lat' dir='ltr'>noster,</span> <span class='ocrx_word' id='word_1_42' title='bbox 2736 813 2868 875; x_wconf 88' lang='lat' dir='ltr'>nisi</span> 
     </span>
     <span class='ocr_line' id='line_1_6' title="bbox 545 918 2866 1009; baseline -0.003 -24"><span class='ocrx_word' id='word_1_43' title='bbox 545 1003 550 1009; x_wconf 92' lang='lat'>.</span> <span class='ocrx_word' id='word_1_44' title='bbox 642 928 716 985; x_wconf 87' lang='lat' dir='ltr'>ut</span> <span class='ocrx_word' id='word_1_45' title='bbox 761 922 872 983; x_wconf 88' lang='lat' dir='ltr'>ille</span> <span class='ocrx_word' id='word_1_46' title='bbox 913 922 1033 983; x_wconf 84' lang='lat' dir='ltr'>vir¹</span> <span class='ocrx_word' id='word_1_47' title='bbox 1062 928 1276 984; x_wconf 82' lang='lat' dir='ltr'>tantus</span> <span class='ocrx_word' id='word_1_48' title='bbox 1326 919 1576 983; x_wconf 90' lang='lat' dir='ltr'>futurus</span> <span class='ocrx_word' id='word_1_49' title='bbox 1615 919 1754 1004; x_wconf 86' lang='lat' dir='ltr'>jam</span> <span class='ocrx_word' id='word_1_50' title='bbox 1803 920 2115 1004; x_wconf 88' lang='lat' dir='ltr'>inciperet</span> <span class='ocrx_word' id='word_1_51' title='bbox 2164 918 2433 997; x_wconf 83' lang='lat' dir='ltr'>discere,</span> <span class='ocrx_word' id='word_1_52' title='bbox 2480 938 2680 1002; x_wconf 90' lang='lat' dir='ltr'>quam</span> <span class='ocrx_word' id='word_1_53' title='bbox 2728 938 2866 979; x_wconf 91' lang='lat' dir='ltr'>non</span> 
     </span>
     <span class='ocr_line' id='line_1_7' title="bbox 639 1018 2869 1103; baseline -0.002 -19"><span class='ocrx_word' id='word_1_54' title='bbox 639 1022 830 1085; x_wconf 85' lang='lat' dir='ltr'>facile</span> <span class='ocrx_word' id='word_1_55' title='bbox 875 1023 948 1084; x_wconf 93' lang='lat' dir='ltr'>in</span> <span class='ocrx_word' id='word_1_56' title='bbox 1000 1020 1456 1103; x_wconf 85' lang='lat' dir='ltr'>dignoscendis</span> <span class='ocrx_word' id='word_1_57' title='bbox 1505 1022 1719 1085; x_wconf 89' lang='lat' dir='ltr'>causis</span> <span class='ocrx_word' id='word_1_58' title='bbox 1768 1022 1963 1083; x_wconf 90' lang='lat' dir='ltr'>homo</span> <span class='ocrx_word' id='word_1_59' title='bbox 2015 1023 2096 1084; x_wconf 89' lang='lat' dir='ltr'>ab</span> <span class='ocrx_word' id='word_1_60' title='bbox 2148 1021 2409 1082; x_wconf 90' lang='lat' dir='ltr'>homine</span> <span class='ocrx_word' id='word_1_61' title='bbox 2460 1018 2869 1083; x_wconf 83' lang='lat' dir='ltr'>damnandus</span> 
     </span>
     <span class='ocr_line' id='line_1_8' title="bbox 643 1120 2872 1205; baseline -0.003 -19"><span class='ocrx_word' id='word_1_62' title='bbox 643 1144 784 1186; x_wconf 88' lang='lat' dir='ltr'>esse</span> <span class='ocrx_word' id='word_1_63' title='bbox 811 1124 1144 1187; x_wconf 89' lang='lat' dir='ltr'>temeraria</span> <span class='ocrx_word' id='word_1_64' title='bbox 1172 1122 1560 1186; x_wconf 86' lang='lat' dir='ltr'>credulitate.</span> <span class='ocrx_word' id='word_1_65' title='bbox 1630 1122 1891 1205; x_wconf 88' lang='lat' dir='ltr'>Quippe</span> <span class='ocrx_word' id='word_1_66' title='bbox 1922 1128 2069 1185; x_wconf 89' lang='lat' dir='ltr'>ante</span> <span class='ocrx_word' id='word_1_67' title='bbox 2098 1121 2379 1185; x_wconf 78' lang='lat' dir='ltr'>tribunal</span> <span class='ocrx_word' id='word_1_68' title='bbox 2410 1120 2872 1183; x_wconf 85' lang='lat' dir='ltr'>deambulabat</span> 
     </span>
     <span class='ocr_line' id='line_1_9' title="bbox 645 1221 2870 1305; baseline -0.003 -16"><span class='ocrx_word' id='word_1_69' title='bbox 645 1227 820 1289; x_wconf 90' lang='lat' dir='ltr'>solus</span> <span class='ocrx_word' id='word_1_70' title='bbox 863 1246 1012 1289; x_wconf 89' lang='lat' dir='ltr'>cum</span> <span class='ocrx_word' id='word_1_71' title='bbox 1053 1224 1292 1288; x_wconf 83' lang='lat' dir='ltr'>tabulis</span> <span class='ocrx_word' id='word_1_72' title='bbox 1337 1246 1412 1287; x_wconf 88' lang='lat' dir='ltr'>ac</span> <span class='ocrx_word' id='word_1_73' title='bbox 1460 1224 1631 1300; x_wconf 86' lang='lat' dir='ltr'>stilo,</span> <span class='ocrx_word' id='word_1_74' title='bbox 1662 1243 1808 1286; x_wconf 91' lang='lat' dir='ltr'>cum</span> <span class='ocrx_word' id='word_1_75' title='bbox 1854 1243 2006 1287; x_wconf 89' lang='lat' dir='ltr'>ecce</span> <span class='ocrx_word' id='word_1_76' title='bbox 2051 1221 2425 1305; x_wconf 84' lang='lat' dir='ltr'>adolescens</span> <span class='ocrx_word' id='word_1_77' title='bbox 2470 1221 2738 1305; x_wconf 91' lang='lat' dir='ltr'>quidam</span> <span class='ocrx_word' id='word_1_78' title='bbox 2782 1242 2870 1283; x_wconf 80' lang='lat' dir='ltr'>ex</span> 
     </span>
     <span class='ocr_line' id='line_1_10' title="bbox 644 1325 2870 1409; baseline -0.001 -17"><span class='ocrx_word' id='word_1_79' title='bbox 644 1349 908 1392; x_wconf 87' lang='lat' dir='ltr'>numero</span> <span class='ocrx_word' id='word_1_80' title='bbox 940 1327 1469 1391; x_wconf 86' lang='lat' dir='ltr'>scholasticorum</span> <span class='ocrx_word' id='word_1_81' title='bbox 1497 1325 1600 1388; x_wconf 82' lang='lat' dir='ltr'>fur</span> <span class='ocrx_word' id='word_1_82' title='bbox 1626 1346 1834 1405; x_wconf 89' lang='lat' dir='ltr'>verus,</span> <span class='ocrx_word' id='word_1_83' title='bbox 1865 1326 2137 1389; x_wconf 83' lang='lat' dir='ltr'>securim</span> <span class='ocrx_word' id='word_1_84' title='bbox 2168 1326 2461 1389; x_wconf 86' lang='lat' dir='ltr'>clanculo</span> <span class='ocrx_word' id='word_1_85' title='bbox 2493 1335 2870 1409; x_wconf 70' lang='lat' dir='ltr'>apportans»,</span> 
     </span>
     <span class='ocr_line' id='line_1_11' title="bbox 647 1429 2869 1513; baseline -0.001 -19"><span class='ocrx_word' id='word_1_86' title='bbox 647 1433 760 1495; x_wconf 93' lang='lat' dir='ltr'>illo</span> <span class='ocrx_word' id='word_1_87' title='bbox 790 1452 923 1494; x_wconf 89' lang='lat' dir='ltr'>non</span> <span class='ocrx_word' id='word_1_88' title='bbox 953 1430 1264 1494; x_wconf 85' lang='lat' dir='ltr'>sentiente</span> <span class='ocrx_word' id='word_1_89' title='bbox 1292 1430 1619 1510; x_wconf 85' lang='lat' dir='ltr'>ingressus</span> <span class='ocrx_word' id='word_1_90' title='bbox 1648 1439 1746 1493; x_wconf 87' lang='lat' dir='ltr'>est</span> <span class='ocrx_word' id='word_1_91' title='bbox 1774 1429 1855 1493; x_wconf 78' lang='lat' dir='ltr'>ad</span> <span class='ocrx_word' id='word_1_92' title='bbox 1886 1430 2209 1493; x_wconf 90' lang='lat' dir='ltr'>cancellos</span> <span class='ocrx_word' id='word_1_93' title='bbox 2229 1430 2568 1513; x_wconf 88' lang='lat' dir='ltr'>plumbeos</span> <span class='ocrx_word' id='word_1_94' title='bbox 2591 1429 2703 1513; x_wconf 90' lang='lat' dir='ltr'>qui</span> <span class='ocrx_word' id='word_1_95' title='bbox 2724 1430 2869 1492; x_wconf 92' lang='lat' dir='ltr'>vico</span> 
     </span>
     <span class='ocr_line' id='line_1_12' title="bbox 648 1530 2870 1614; baseline -0.003 -17"><span class='ocrx_word' id='word_1_96' title='bbox 648 1532 1005 1614; x_wconf 84' lang='lat' dir='ltr'>argentario</span> <span class='ocrx_word' id='word_1_97' title='bbox 1041 1532 1315 1614; x_wconf 87' lang='lat' dir='ltr'>desuper</span> <span class='ocrx_word' id='word_1_98' title='bbox 1345 1530 1747 1614; x_wconf 85' lang='lat' dir='ltr'>praeminent,</span> <span class='ocrx_word' id='word_1_99' title='bbox 1779 1538 1843 1593; x_wconf 92' lang='lat' dir='ltr'>et</span> <span class='ocrx_word' id='word_1_100' title='bbox 1878 1530 2226 1614; x_wconf 85' lang='lat' dir='ltr'>praecidere</span> <span class='ocrx_word' id='word_1_101' title='bbox 2265 1532 2605 1614; x_wconf 84' lang='lat' dir='ltr'>plumbum</span> <span class='ocrx_word' id='word_1_102' title='bbox 2644 1530 2870 1614; x_wconf 90' lang='lat' dir='ltr'>coepit.</span> 
     </span>
     <span class='ocr_line' id='line_1_13' title="bbox 649 1631 2873 1715; baseline -0.002 -17"><span class='ocrx_word' id='word_1_103' title='bbox 649 1634 824 1699; x_wconf 90' lang='lat' dir='ltr'>Sono</span> <span class='ocrx_word' id='word_1_104' title='bbox 865 1642 1078 1697; x_wconf 85' lang='lat' dir='ltr'>autem</span> <span class='ocrx_word' id='word_1_105' title='bbox 1119 1632 1358 1697; x_wconf 89' lang='lat' dir='ltr'>securis</span> <span class='ocrx_word' id='word_1_106' title='bbox 1397 1631 1617 1695; x_wconf 88' lang='lat' dir='ltr'>audito</span> <span class='ocrx_word' id='word_1_107' title='bbox 1658 1633 2328 1696; x_wconf 79' lang='lat' dir='ltr'>submurmuraverunt</span> <span class='ocrx_word' id='word_1_108' title='bbox 2370 1632 2714 1713; x_wconf 85' lang='lat' dir='ltr'>argentarii</span> <span class='ocrx_word' id='word_1_109' title='bbox 2754 1632 2873 1715; x_wconf 89' lang='lat' dir='ltr'>qui</span> 
     </span>
     <span class='ocr_line' id='line_1_14' title="bbox 649 1732 2872 1819; baseline -0.002 -19"><span class='ocrx_word' id='word_1_110' title='bbox 649 1738 864 1800; x_wconf 85' lang='lat' dir='ltr'>subter</span> <span class='ocrx_word' id='word_1_111' title='bbox 893 1742 1091 1813; x_wconf 89' lang='lat' dir='ltr'>erant,</span> <span class='ocrx_word' id='word_1_112' title='bbox 1123 1744 1188 1799; x_wconf 91' lang='lat' dir='ltr'>et</span> <span class='ocrx_word' id='word_1_113' title='bbox 1213 1734 1525 1797; x_wconf 84' lang='lat' dir='ltr'>miserunt</span> <span class='ocrx_word' id='word_1_114' title='bbox 1554 1734 1666 1819; x_wconf 92' lang='lat' dir='ltr'>qui</span> <span class='ocrx_word' id='word_1_115' title='bbox 1696 1732 2251 1817; x_wconf 87' lang='lat' dir='ltr'>apprehenderent</span> <span class='ocrx_word' id='word_1_116' title='bbox 2280 1755 2471 1817; x_wconf 91' lang='lat' dir='ltr'>quem</span> <span class='ocrx_word' id='word_1_117' title='bbox 2499 1734 2663 1797; x_wconf 88' lang='lat' dir='ltr'>forte</span> <span class='ocrx_word' id='word_1_118' title='bbox 2690 1734 2872 1795; x_wconf 87' lang='lat' dir='ltr'>inve-</span> 
     </span>
     <span class='ocr_line' id='line_1_15' title="bbox 645 1832 2873 1912; baseline -0.002 -12"><span class='ocrx_word' id='word_1_119' title='bbox 645 1838 910 1900; x_wconf 91' lang='lat' dir='ltr'>nissent.</span> <span class='ocrx_word' id='word_1_120' title='bbox 1010 1837 1299 1909; x_wconf 86' lang='lat' dir='ltr'>Quorum</span> <span class='ocrx_word' id='word_1_121' title='bbox 1357 1836 1625 1899; x_wconf 89' lang='lat' dir='ltr'>vocibus</span> <span class='ocrx_word' id='word_1_122' title='bbox 1685 1833 1941 1912; x_wconf 81' lang='lat' dir='ltr'>auditis,</span> <span class='ocrx_word' id='word_1_123' title='bbox 1997 1832 2223 1897; x_wconf 89' lang='lat' dir='ltr'>relicto</span> <span class='ocrx_word' id='word_1_124' title='bbox 2282 1834 2703 1897; x_wconf 89' lang='lat' dir='ltr'>instrumento</span> <span class='ocrx_word' id='word_1_125' title='bbox 2758 1834 2873 1896; x_wconf 90' lang='lat' dir='ltr'>ille</span> 
     </span>
     <span class='ocr_line' id='line_1_16' title="bbox 648 1938 2875 2026; baseline -0.002 -22"><span class='ocrx_word' id='word_1_126' title='bbox 648 1940 963 2017; x_wconf 86' lang='lat' dir='ltr'>discessit,</span> <span class='ocrx_word' id='word_1_127' title='bbox 1007 1940 1241 2003; x_wconf 87' lang='lat' dir='ltr'>timens</span> <span class='ocrx_word' id='word_1_128' title='bbox 1291 1961 1374 2002; x_wconf 91' lang='lat' dir='ltr'>ne</span> <span class='ocrx_word' id='word_1_129' title='bbox 1425 1960 1573 2002; x_wconf 90' lang='lat' dir='ltr'>cum</span> <span class='ocrx_word' id='word_1_130' title='bbox 1625 1960 1701 2001; x_wconf 94' lang='lat' dir='ltr'>eo</span> <span class='ocrx_word' id='word_1_131' title='bbox 1751 1944 2085 2019; x_wconf 76' lang='lat' dir='ltr'>teneretur.</span> <span class='ocrx_word' id='word_1_132' title='bbox 2176 1938 2463 2026; x_wconf 83' lang='lat' dir='ltr'>Alypius¹</span> <span class='ocrx_word' id='word_1_133' title='bbox 2496 1946 2710 2002; x_wconf 88' lang='lat' dir='ltr'>autem</span> <span class='ocrx_word' id='word_1_134' title='bbox 2757 1938 2875 2021; x_wconf 89' lang='lat' dir='ltr'>qui</span> 
     </span>
     <span class='ocr_line' id='line_1_17' title="bbox 647 2040 2872 2122; baseline -0.001 -17"><span class='ocrx_word' id='word_1_135' title='bbox 647 2064 780 2105; x_wconf 89' lang='lat' dir='ltr'>non</span> <span class='ocrx_word' id='word_1_136' title='bbox 815 2042 1060 2107; x_wconf 85' lang='lat' dir='ltr'>viderat</span> <span class='ocrx_word' id='word_1_137' title='bbox 1095 2044 1458 2119; x_wconf 82' lang='lat' dir='ltr'>intrantem,</span> <span class='ocrx_word' id='word_1_138' title='bbox 1489 2052 1831 2106; x_wconf 86' lang='lat' dir='ltr'>exeuntem</span> <span class='ocrx_word' id='word_1_139' title='bbox 1872 2042 2092 2122; x_wconf 90' lang='lat' dir='ltr'>sensit,</span> <span class='ocrx_word' id='word_1_140' title='bbox 2122 2050 2187 2105; x_wconf 89' lang='lat' dir='ltr'>et</span> <span class='ocrx_word' id='word_1_141' title='bbox 2230 2042 2519 2105; x_wconf 89' lang='lat' dir='ltr'>celeriter</span> <span class='ocrx_word' id='word_1_142' title='bbox 2548 2040 2715 2103; x_wconf 88' lang='lat' dir='ltr'>vidit</span> <span class='ocrx_word' id='word_1_143' title='bbox 2758 2041 2872 2103; x_wconf 89' lang='lat' dir='ltr'>ab·</span> 
     </span>
     <span class='ocr_line' id='line_1_18' title="bbox 653 2144 2876 2229; baseline -0.002 -20"><span class='ocrx_word' id='word_1_144' title='bbox 653 2152 944 2209; x_wconf 89' lang='lat' dir='ltr'>euntem:</span> <span class='ocrx_word' id='word_1_145' title='bbox 1008 2152 1074 2208; x_wconf 91' lang='lat' dir='ltr'>et</span> <span class='ocrx_word' id='word_1_146' title='bbox 1131 2166 1391 2208; x_wconf 90' lang='lat' dir='ltr'>causam</span> <span class='ocrx_word' id='word_1_147' title='bbox 1451 2144 1614 2208; x_wconf 88' lang='lat' dir='ltr'>scire</span> <span class='ocrx_word' id='word_1_148' title='bbox 1672 2144 1941 2229; x_wconf 90' lang='lat' dir='ltr'>cupiens</span> <span class='ocrx_word' id='word_1_149' title='bbox 1990 2144 2317 2225; x_wconf 86' lang='lat' dir='ltr'>ingressus</span> <span class='ocrx_word' id='word_1_150' title='bbox 2359 2150 2466 2206; x_wconf 79' lang='lat' dir='ltr'>‚est</span> <span class='ocrx_word' id='word_1_151' title='bbox 2519 2144 2761 2221; x_wconf 90' lang='lat' dir='ltr'>locum,</span> <span class='ocrx_word' id='word_1_152' title='bbox 2810 2148 2876 2204; x_wconf 90' lang='lat' dir='ltr'>et</span> 
     </span>
     <span class='ocr_line' id='line_1_19' title="bbox 649 2244 2873 2328; baseline -0.002 -19"><span class='ocrx_word' id='word_1_153' title='bbox 649 2246 974 2310; x_wconf 89' lang='lat' dir='ltr'>inventam</span> <span class='ocrx_word' id='word_1_154' title='bbox 1015 2246 1288 2309; x_wconf 91' lang='lat' dir='ltr'>securim</span> <span class='ocrx_word' id='word_1_155' title='bbox 1331 2252 1506 2308; x_wconf 87' lang='lat' dir='ltr'>stans</span> <span class='ocrx_word' id='word_1_156' title='bbox 1548 2254 1741 2328; x_wconf 89' lang='lat' dir='ltr'>atque</span> <span class='ocrx_word' id='word_1_157' title='bbox 1784 2244 2103 2309; x_wconf 88' lang='lat' dir='ltr'>admirans</span> <span class='ocrx_word' id='word_1_158' title='bbox 2144 2244 2609 2308; x_wconf 86' lang='lat' dir='ltr'>considerabat.</span> <span class='ocrx_word' id='word_1_159' title='bbox 2702 2244 2873 2307; x_wconf 88' lang='lat' dir='ltr'>Cum</span> 
     </span>
     <span class='ocr_line' id='line_1_20' title="bbox 649 2346 2873 2431; baseline -0.002 -20"><span class='ocrx_word' id='word_1_160' title='bbox 649 2368 802 2411; x_wconf 90' lang='lat' dir='ltr'>ecce</span> <span class='ocrx_word' id='word_1_161' title='bbox 851 2347 949 2409; x_wconf 95' lang='lat' dir='ltr'>illi</span> <span class='ocrx_word' id='word_1_162' title='bbox 1001 2348 1114 2431; x_wconf 92' lang='lat' dir='ltr'>qui</span> <span class='ocrx_word' id='word_1_163' title='bbox 1165 2346 1347 2410; x_wconf 89' lang='lat' dir='ltr'>missi</span> <span class='ocrx_word' id='word_1_164' title='bbox 1399 2346 1670 2426; x_wconf 87' lang='lat' dir='ltr'>fuerant,</span> <span class='ocrx_word' id='word_1_165' title='bbox 1720 2346 2042 2430; x_wconf 89' lang='lat' dir='ltr'>reperiunt</span> <span class='ocrx_word' id='word_1_166' title='bbox 2099 2368 2245 2410; x_wconf 89' lang='lat' dir='ltr'>eum</span> <span class='ocrx_word' id='word_1_167' title='bbox 2306 2348 2513 2409; x_wconf 89' lang='lat' dir='ltr'>solum</span> <span class='ocrx_word' id='word_1_168' title='bbox 2563 2346 2873 2408; x_wconf 89' lang='lat' dir='ltr'>ferentem</span> 
     </span>
     <span class='ocr_line' id='line_1_21' title="bbox 649 2449 2874 2535; baseline -0.002 -22"><span class='ocrx_word' id='word_1_169' title='bbox 649 2451 881 2513; x_wconf 87' lang='lat' dir='ltr'>ferrum</span> <span class='ocrx_word' id='word_1_170' title='bbox 925 2450 1111 2535; x_wconf 86' lang='lat' dir='ltr'>cujus</span> <span class='ocrx_word' id='word_1_171' title='bbox 1157 2451 1371 2515; x_wconf 88' lang='lat' dir='ltr'>sonitu</span> <span class='ocrx_word' id='word_1_172' title='bbox 1414 2451 1616 2514; x_wconf 84' lang='lat' dir='ltr'>exciti</span> <span class='ocrx_word' id='word_1_173' title='bbox 1655 2460 1991 2515; x_wconf 85' lang='lat' dir='ltr'>venerant:</span> <span class='ocrx_word' id='word_1_174' title='bbox 2037 2457 2275 2526; x_wconf 89' lang='lat' dir='ltr'>tenent,</span> <span class='ocrx_word' id='word_1_175' title='bbox 2308 2449 2671 2525; x_wconf 81' lang='lat' dir='ltr'>attrahunt3</span> <span class='ocrx_word' id='word_1_176' title='bbox 2717 2469 2874 2511; x_wconf 91' lang='lat' dir='ltr'>con-</span> 
     </span>
     <span class='ocr_line' id='line_1_22' title="bbox 653 2550 2874 2636; baseline -0.001 -22"><span class='ocrx_word' id='word_1_177' title='bbox 653 2552 935 2634; x_wconf 85' lang='lat' dir='ltr'>gregatis</span> <span class='ocrx_word' id='word_1_178' title='bbox 979 2552 1318 2636; x_wconf 85' lang='lat' dir='ltr'>inquilinis</span> <span class='ocrx_word' id='word_1_179' title='bbox 1361 2552 1503 2628; x_wconf 86' lang='lat' dir='ltr'>fori,</span> <span class='ocrx_word' id='word_1_180' title='bbox 1532 2560 1842 2635; x_wconf 86' lang='lat' dir='ltr'>tanquam</span> <span class='ocrx_word' id='word_1_181' title='bbox 1884 2551 2088 2614; x_wconf 86' lang='lat' dir='ltr'>furem</span> <span class='ocrx_word' id='word_1_182' title='bbox 2130 2550 2537 2613; x_wconf 86' lang='lat' dir='ltr'>manifestum</span> <span class='ocrx_word' id='word_1_183' title='bbox 2583 2571 2651 2613; x_wconf 92' lang='lat' dir='ltr'>se</span> <span class='ocrx_word' id='word_1_184' title='bbox 2699 2570 2874 2613; x_wconf 89' lang='lat' dir='ltr'>com-</span> 
     </span>
     <span class='ocr_line' id='line_1_23' title="bbox 649 2651 2777 2737; baseline -0.001 -22"><span class='ocrx_word' id='word_1_185' title='bbox 649 2653 1069 2737; x_wconf 88' lang='lat' dir='ltr'>prehendisse</span> <span class='ocrx_word' id='word_1_186' title='bbox 1101 2654 1472 2734; x_wconf 87' lang='lat' dir='ltr'>gloriantur,</span> <span class='ocrx_word' id='word_1_187' title='bbox 1506 2662 1571 2717; x_wconf 90' lang='lat' dir='ltr'>et</span> <span class='ocrx_word' id='word_1_188' title='bbox 1597 2652 1749 2716; x_wconf 90' lang='lat' dir='ltr'>inde</span> <span class='ocrx_word' id='word_1_189' title='bbox 1780 2652 2143 2715; x_wconf 85' lang='lat' dir='ltr'>offerendus</span> <span class='ocrx_word' id='word_1_190' title='bbox 2162 2651 2371 2736; x_wconf 91' lang='lat' dir='ltr'>judici</span> <span class='ocrx_word' id='word_1_191' title='bbox 2401 2652 2777 2715; x_wconf 80' lang='lat' dir='ltr'>ducebatur.</span> 
     </span>
     <span class='ocr_line' id='line_1_24' title="bbox 743 2753 2876 2830; baseline -0.001 -13"><span class='ocrx_word' id='word_1_192' title='bbox 743 2758 841 2818; x_wconf 86' lang='grc'>15.</span> <span class='ocrx_word' id='word_1_193' title='bbox 890 2754 1022 2818; x_wconf 88' lang='lat' dir='ltr'>Sed</span> <span class='ocrx_word' id='word_1_194' title='bbox 1072 2756 1385 2818; x_wconf 87' lang='lat' dir='ltr'>hactenus</span> <span class='ocrx_word' id='word_1_195' title='bbox 1437 2753 1766 2818; x_wconf 88' lang='lat' dir='ltr'>docendus</span> <span class='ocrx_word' id='word_1_196' title='bbox 1817 2753 1957 2817; x_wconf 86' lang='lat' dir='ltr'>fuit.</span> <span class='ocrx_word' id='word_1_197' title='bbox 2048 2754 2279 2817; x_wconf 85' lang='lat' dir='ltr'>Statim</span> <span class='ocrx_word' id='word_1_198' title='bbox 2330 2754 2522 2829; x_wconf 91' lang='lat' dir='ltr'>enim,</span> <span class='ocrx_word' id='word_1_199' title='bbox 2568 2753 2876 2830; x_wconf 84' lang='lat' dir='ltr'>Domine,</span> 
     </span>
     <span class='ocr_line' id='line_1_25' title="bbox 651 2855 2877 2938; baseline 0 -20"><span class='ocrx_word' id='word_1_200' title='bbox 651 2856 1006 2918; x_wconf 87' lang='lat' dir='ltr'>subvenisti</span> <span class='ocrx_word' id='word_1_201' title='bbox 1043 2855 1425 2919; x_wconf 69' lang='lat' dir='ltr'>innocentiae</span> <span class='ocrx_word' id='word_1_202' title='bbox 1465 2855 1651 2938; x_wconf 84' lang='lat' dir='ltr'>cujus</span> <span class='ocrx_word' id='word_1_203' title='bbox 1688 2855 1871 2918; x_wconf 91' lang='lat' dir='ltr'>testis</span> <span class='ocrx_word' id='word_1_204' title='bbox 1908 2876 2047 2919; x_wconf 89' lang='lat' dir='ltr'>eras</span> <span class='ocrx_word' id='word_1_205' title='bbox 2090 2861 2163 2917; x_wconf 93' lang='lat' dir='ltr'>tu</span> <span class='ocrx_word' id='word_1_206' title='bbox 2206 2857 2395 2918; x_wconf 91' lang='lat' dir='ltr'>solus.</span> <span class='ocrx_word' id='word_1_207' title='bbox 2487 2856 2656 2920; x_wconf 89' lang='lat' dir='ltr'>Cum</span> <span class='ocrx_word' id='word_1_208' title='bbox 2702 2856 2877 2918; x_wconf 89' lang='lat' dir='ltr'>enim</span> 
     </span>
     <span class='ocr_line' id='line_1_26' title="bbox 651 2956 2876 3041; baseline -0 -21"><span class='ocrx_word' id='word_1_209' title='bbox 651 2956 989 3021; x_wconf 90' lang='lat' dir='ltr'>duceretur</span> <span class='ocrx_word' id='word_1_210' title='bbox 1017 2960 1117 3020; x_wconf 89' lang='lat' dir='ltr'>vel</span> <span class='ocrx_word' id='word_1_211' title='bbox 1149 2957 1231 3021; x_wconf 90' lang='lat' dir='ltr'>ad</span> <span class='ocrx_word' id='word_1_212' title='bbox 1263 2956 1642 3035; x_wconf 88' lang='lat' dir='ltr'>custodiam,</span> <span class='ocrx_word' id='word_1_213' title='bbox 1672 2958 1775 3019; x_wconf 87' lang='lat' dir='ltr'>vel</span> <span class='ocrx_word' id='word_1_214' title='bbox 1810 2956 1893 3019; x_wconf 91' lang='lat' dir='ltr'>ad</span> <span class='ocrx_word' id='word_1_215' title='bbox 1928 2956 2338 3041; x_wconf 89' lang='lat' dir='ltr'>supplicium,</span> <span class='ocrx_word' id='word_1_216' title='bbox 2368 2956 2445 3019; x_wconf 88' lang='lat' dir='ltr'>fit</span> <span class='ocrx_word' id='word_1_217' title='bbox 2482 2958 2577 3019; x_wconf 90' lang='lat' dir='ltr'>eis</span> <span class='ocrx_word' id='word_1_218' title='bbox 2616 2956 2876 3020; x_wconf 89' lang='lat' dir='ltr'>obviam</span> 
     </span>
     <span class='ocr_line' id='line_1_27' title="bbox 655 3060 2874 3146; baseline -0.001 -21"><span class='ocrx_word' id='word_1_219' title='bbox 655 3061 918 3146; x_wconf 90' lang='lat' dir='ltr'>quidam</span> <span class='ocrx_word' id='word_1_220' title='bbox 950 3060 1335 3125; x_wconf 87' lang='lat' dir='ltr'>architectus</span> <span class='ocrx_word' id='word_1_221' title='bbox 1365 3060 1553 3145; x_wconf 86' lang='lat' dir='ltr'>cujus</span> <span class='ocrx_word' id='word_1_222' title='bbox 1581 3060 1867 3124; x_wconf 79' lang='lat' dir='ltr'>maxima</span> <span class='ocrx_word' id='word_1_223' title='bbox 1894 3071 2031 3125; x_wconf 90' lang='lat' dir='ltr'>erat</span> <span class='ocrx_word' id='word_1_224' title='bbox 2066 3084 2219 3125; x_wconf 80' lang='lat' dir='ltr'>cura.</span> <span class='ocrx_word' id='word_1_225' title='bbox 2245 3061 2651 3144; x_wconf 89' lang='lat' dir='ltr'>publicarum</span> <span class='ocrx_word' id='word_1_226' title='bbox 2681 3060 2874 3123; x_wconf 89' lang='lat' dir='ltr'>fabri-</span> 
     </span>
     <span class='ocr_line' id='line_1_28' title="bbox 655 3161 2877 3245; baseline -0.002 -17"><span class='ocrx_word' id='word_1_227' title='bbox 655 3184 890 3228; x_wconf 90' lang='lat' dir='ltr'>carum.</span> <span class='ocrx_word' id='word_1_228' title='bbox 967 3161 1275 3226; x_wconf 87' lang='lat' dir='ltr'>Gaudent</span> <span class='ocrx_word' id='word_1_229' title='bbox 1297 3162 1393 3224; x_wconf 91' lang='lat' dir='ltr'>illi</span> <span class='ocrx_word' id='word_1_230' title='bbox 1426 3184 1572 3225; x_wconf 92' lang='lat' dir='ltr'>eum</span> <span class='ocrx_word' id='word_1_231' title='bbox 1602 3162 2010 3245; x_wconf 89' lang='lat' dir='ltr'>potissimum</span> <span class='ocrx_word' id='word_1_232' title='bbox 2040 3164 2411 3241; x_wconf 87' lang='lat' dir='ltr'>occurrisse,</span> <span class='ocrx_word' id='word_1_233' title='bbox 2444 3162 2548 3225; x_wconf 93' lang='lat' dir='ltr'>cui</span> <span class='ocrx_word' id='word_1_234' title='bbox 2580 3162 2877 3224; x_wconf 88' lang='lat' dir='ltr'>solebant</span> 
     </span>
     <span class='ocr_line' id='line_1_29' title="bbox 652 3265 2874 3350; baseline 0 -24"><span class='ocrx_word' id='word_1_235' title='bbox 652 3265 722 3327; x_wconf 91' lang='lat' dir='ltr'>in</span> <span class='ocrx_word' id='word_1_236' title='bbox 753 3266 1185 3349; x_wconf 89' lang='lat' dir='ltr'>suspicionem</span> <span class='ocrx_word' id='word_1_237' title='bbox 1214 3266 1429 3329; x_wconf 88' lang='lat' dir='ltr'>venire</span> <span class='ocrx_word' id='word_1_238' title='bbox 1459 3267 1810 3329; x_wconf 88' lang='lat' dir='ltr'>ablatarum</span> <span class='ocrx_word' id='word_1_239' title='bbox 1840 3287 2050 3329; x_wconf 89' lang='lat' dir='ltr'>rerum</span> <span class='ocrx_word' id='word_1_240' title='bbox 2082 3288 2227 3350; x_wconf 82' lang='lat' dir='ltr'>quae</span> <span class='ocrx_word' id='word_1_241' title='bbox 2256 3266 2573 3349; x_wconf 90' lang='lat' dir='ltr'>perissent</span> <span class='ocrx_word' id='word_1_242' title='bbox 2604 3266 2686 3329; x_wconf 91' lang='lat' dir='ltr'>de</span> <span class='ocrx_word' id='word_1_243' title='bbox 2715 3265 2874 3342; x_wconf 88' lang='lat' dir='ltr'>foro,</span> 
     </span>
     <span class='ocr_line' id='line_1_30' title="bbox 654 3365 2877 3451; baseline -0.001 -21"><span class='ocrx_word' id='word_1_244' title='bbox 654 3375 728 3430; x_wconf 92' lang='lat' dir='ltr'>ut</span> <span class='ocrx_word' id='word_1_245' title='bbox 760 3366 945 3450; x_wconf 88' lang='lat' dir='ltr'>quasi</span> <span class='ocrx_word' id='word_1_246' title='bbox 973 3365 1233 3429; x_wconf 89' lang='lat' dir='ltr'>tandem</span> <span class='ocrx_word' id='word_1_247' title='bbox 1261 3365 1369 3429; x_wconf 89' lang='grc'><strong>1116</strong></span> <span class='ocrx_word' id='word_1_248' title='bbox 1399 3375 1816 3448; x_wconf 89' lang='lat' dir='ltr'>cognosceret</span> <span class='ocrx_word' id='word_1_249' title='bbox 1837 3389 1877 3430; x_wconf 89' lang='lat' dir='ltr'>a</span> <span class='ocrx_word' id='word_1_250' title='bbox 1900 3367 2137 3451; x_wconf 88' lang='lat' dir='ltr'>quibus</span> <span class='ocrx_word' id='word_1_251' title='bbox 2158 3369 2303 3431; x_wconf 91' lang='lat' dir='ltr'>haec</span> <span class='ocrx_word' id='word_1_252' title='bbox 2328 3367 2570 3431; x_wconf 91' lang='lat' dir='ltr'>fierent.</span> <span class='ocrx_word' id='word_1_253' title='bbox 2633 3369 2877 3430; x_wconf 91' lang='lat' dir='ltr'>Verum</span> 
     </span>
     <span class='ocr_line' id='line_1_31' title="bbox 655 3466 2877 3552; baseline -0 -22"><span class='ocrx_word' id='word_1_254' title='bbox 655 3475 869 3531; x_wconf 90' lang='lat' dir='ltr'>autem</span> <span class='ocrx_word' id='word_1_255' title='bbox 889 3466 1132 3529; x_wconf 89' lang='lat' dir='ltr'>viderat</span> <span class='ocrx_word' id='word_1_256' title='bbox 1151 3468 1346 3529; x_wconf 91' lang='lat' dir='ltr'>homo</span> <span class='ocrx_word' id='word_1_257' title='bbox 1373 3488 1545 3551; x_wconf 87' lang='lat' dir='ltr'>saepe</span> <span class='ocrx_word' id='word_1_258' title='bbox 1568 3468 1875 3551; x_wconf 88' lang='lat' dir='ltr'>Alypium</span> <span class='ocrx_word' id='word_1_259' title='bbox 1896 3468 1965 3530; x_wconf 93' lang='lat' dir='ltr'>in</span> <span class='ocrx_word' id='word_1_260' title='bbox 1989 3467 2179 3531; x_wconf 90' lang='lat' dir='ltr'>domo</span> <span class='ocrx_word' id='word_1_261' title='bbox 2203 3467 2538 3552; x_wconf 92' lang='lat' dir='ltr'>cujusdam</span> <span class='ocrx_word' id='word_1_262' title='bbox 2562 3467 2877 3531; x_wconf 84' lang='lat' dir='ltr'>senatoris</span> 
     </span>
    </p>
   </div>
   <div class='ocr_carea' id='block_1_3' title="bbox 653 3697 2881 4536">
    <p class='ocr_par' dir='ltr' id='par_1_3' title="bbox 653 3697 2881 4536">
     <span class='ocr_line' id='line_1_32' title="bbox 721 3697 2875 3766; baseline 0.001 -19"><span class='ocrx_word' id='word_1_263' title='bbox 721 3697 738 3735; x_wconf 88' lang='lat'><strong>¹</strong></span> <span class='ocrx_word' id='word_1_264' title='bbox 773 3698 977 3764; x_wconf 82' lang='lat' dir='ltr'>Alypius</span> <span class='ocrx_word' id='word_1_265' title='bbox 994 3699 1044 3747; x_wconf 88' lang='lat' dir='ltr'>in</span> <span class='ocrx_word' id='word_1_266' title='bbox 1067 3708 1221 3748; x_wconf 86' lang='lat' dir='ltr'>nostra</span> <span class='ocrx_word' id='word_1_267' title='bbox 1241 3698 1567 3763; x_wconf 86' lang='lat' dir='ltr'>conjunctione</span> <span class='ocrx_word' id='word_1_268' title='bbox 1598 3716 1733 3749; x_wconf 85' lang='lat' dir='ltr'>man·</span> <span class='ocrx_word' id='word_1_269' title='bbox 1799 3701 1989 3766; x_wconf 82' lang='lat' dir='ltr'>cogitat,</span> <span class='ocrx_word' id='word_1_270' title='bbox 2011 3702 2069 3750; x_wconf 87' lang='lat' dir='ltr'>de</span> <span class='ocrx_word' id='word_1_271' title='bbox 2092 3716 2265 3765; x_wconf 84' lang='lat' dir='ltr'>magna</span> <span class='ocrx_word' id='word_1_272' title='bbox 2288 3702 2381 3751; x_wconf 89' lang='lat' dir='ltr'>Dei</span> <span class='ocrx_word' id='word_1_273' title='bbox 2403 3702 2721 3751; x_wconf 84' lang='lat' dir='ltr'>misericordia</span> <span class='ocrx_word' id='word_1_274' title='bbox 2741 3709 2792 3751; x_wconf 84' lang='lat' dir='ltr'>et</span> <span class='ocrx_word' id='word_1_275' title='bbox 2812 3702 2875 3749; x_wconf 88' lang='lat' dir='ltr'>de</span> 
     </span>
     <span class='ocr_line' id='line_1_33' title="bbox 656 3762 2879 3831; baseline 0 -19"><span class='ocrx_word' id='word_1_276' title='bbox 656 3764 734 3821; x_wconf 86' lang='lat' dir='ltr'>sit,</span> <span class='ocrx_word' id='word_1_277' title='bbox 757 3772 812 3812; x_wconf 83' lang='lat' dir='ltr'>ut</span> <span class='ocrx_word' id='word_1_278' title='bbox 829 3764 1048 3828; x_wconf 85' lang='lat' dir='ltr'>exemplo</span> <span class='ocrx_word' id='word_1_279' title='bbox 1070 3763 1128 3812; x_wconf 83' lang='lat' dir='ltr'>sit</span> <span class='ocrx_word' id='word_1_280' title='bbox 1154 3762 1371 3813; x_wconf 80' lang='lat' dir='ltr'>fratribus</span> <span class='ocrx_word' id='word_1_281' title='bbox 1405 3780 1543 3813; x_wconf 83' lang='lat' dir='ltr'>curas</span> <span class='ocrx_word' id='word_1_282' title='bbox 1563 3765 1735 3815; x_wconf 87' lang='lat' dir='ltr'>mundi</span> <span class='ocrx_word' id='word_1_283' title='bbox 1799 3766 2091 3814; x_wconf 86' lang='lat' dir='ltr'>mirabilibus</span> <span class='ocrx_word' id='word_1_284' title='bbox 2146 3766 2240 3815; x_wconf 87' lang='lat' dir='ltr'>Dei</span> <span class='ocrx_word' id='word_1_285' title='bbox 2290 3767 2562 3815; x_wconf 86' lang='lat' dir='ltr'>muneribus</span> <span class='ocrx_word' id='word_1_286' title='bbox 2618 3766 2879 3831; x_wconf 82' lang='lat' dir='ltr'>cogitat.—</span> 
     </span>
     <span class='ocr_line' id='line_1_34' title="bbox 654 3827 2879 3895; baseline 0 -19"><span class='ocrx_word' id='word_1_287' title='bbox 654 3828 798 3893; x_wconf 84' lang='lat' dir='ltr'>hujus</span> <span class='ocrx_word' id='word_1_288' title='bbox 836 3829 982 3877; x_wconf 86' lang='lat' dir='ltr'>vitare</span> <span class='ocrx_word' id='word_1_289' title='bbox 1023 3827 1333 3893; x_wconf 85' lang='lat' dir='ltr'>cupientibus.</span> <span class='ocrx_word' id='word_1_290' title='bbox 1384 3831 1508 3893; x_wconf 84' lang='lat' dir='ltr'>Aug.</span> <span class='ocrx_word' id='word_1_291' title='bbox 1535 3831 1624 3895; x_wconf 86' lang='lat' dir='ltr'>Ep.</span> <span class='ocrx_word' id='word_1_292' title='bbox 1649 3832 1729 3879; x_wconf 81' lang='lat'>22.</span> <span class='ocrx_word' id='word_1_293' title='bbox 1798 3831 1923 3883; x_wconf 84' lang='lat' dir='ltr'>Cito,</span> <span class='ocrx_word' id='word_1_294' title='bbox 1946 3830 1985 3878; x_wconf 81' lang='lat' dir='ltr'>si</span> <span class='ocrx_word' id='word_1_295' title='bbox 2008 3830 2243 3879; x_wconf 86' lang='lat' dir='ltr'>Dominus</span> <span class='ocrx_word' id='word_1_296' title='bbox 2278 3831 2528 3895; x_wconf 76' lang='lat' dir='ltr'>adjuverit,</span> <span class='ocrx_word' id='word_1_297' title='bbox 2564 3839 2717 3880; x_wconf 85' lang='lat' dir='ltr'>totum</span> <span class='ocrx_word' id='word_1_298' title='bbox 2755 3831 2879 3894; x_wconf 80' lang='lat' dir='ltr'>Aly-</span> 
     </span>
     <span class='ocr_line' id='line_1_35' title="bbox 656 3892 2879 3961; baseline 0.001 -20"><span class='ocrx_word' id='word_1_299' title='bbox 656 3894 757 3943; x_wconf 80' lang='lat' dir='ltr'>Etsi</span> <span class='ocrx_word' id='word_1_300' title='bbox 776 3892 827 3941; x_wconf 91' lang='lat' dir='ltr'>in</span> <span class='ocrx_word' id='word_1_301' title='bbox 852 3892 1039 3958; x_wconf 87' lang='lat' dir='ltr'>populis</span> <span class='ocrx_word' id='word_1_302' title='bbox 1069 3908 1125 3941; x_wconf 85' lang='lat' dir='ltr'>ac</span> <span class='ocrx_word' id='word_1_303' title='bbox 1159 3908 1300 3956; x_wconf 84' lang='lat' dir='ltr'>super</span> <span class='ocrx_word' id='word_1_304' title='bbox 1334 3894 1564 3958; x_wconf 88' lang='lat' dir='ltr'>populum</span> <span class='ocrx_word' id='word_1_305' title='bbox 1601 3910 1731 3959; x_wconf 81' lang='lat' dir='ltr'>agas,</span> <span class='ocrx_word' id='word_1_306' title='bbox 1797 3894 1927 3959; x_wconf 88' lang='lat' dir='ltr'>pium</span> <span class='ocrx_word' id='word_1_307' title='bbox 1948 3894 2146 3943; x_wconf 86' lang='lat' dir='ltr'>inseram</span> <span class='ocrx_word' id='word_1_308' title='bbox 2171 3896 2441 3961; x_wconf 67' lang='lat' dir='ltr'>praecordiis</span> <span class='ocrx_word' id='word_1_309' title='bbox 2474 3895 2599 3954; x_wconf 88' lang='lat' dir='ltr'>tuis;</span> <span class='ocrx_word' id='word_1_310' title='bbox 2638 3911 2751 3944; x_wconf 86' lang='lat' dir='ltr'>nam</span> <span class='ocrx_word' id='word_1_311' title='bbox 2788 3895 2879 3943; x_wconf 88' lang='lat' dir='ltr'>hoc</span> 
     </span>
     <span class='ocr_line' id='line_1_36' title="bbox 655 3957 2879 4023; baseline 0 -16"><span class='ocrx_word' id='word_1_312' title='bbox 655 3974 764 4007; x_wconf 79' lang='lat' dir='ltr'>oves</span> <span class='ocrx_word' id='word_1_313' title='bbox 807 3973 996 4023; x_wconf 63' lang='lat' dir='ltr'>pascuae.</span> <span class='ocrx_word' id='word_1_314' title='bbox 1051 3957 1248 4007; x_wconf 86' lang='lat' dir='ltr'>Domini</span> <span class='ocrx_word' id='word_1_315' title='bbox 1309 3974 1472 4023; x_wconf 81' lang='lat' dir='ltr'>regens</span> <span class='ocrx_word' id='word_1_316' title='bbox 1528 3958 1733 4007; x_wconf 82' lang='lat' dir='ltr'>sollicitis</span> <span class='ocrx_word' id='word_1_317' title='bbox 1796 3974 1901 4007; x_wconf 80' lang='lat' dir='ltr'>sum</span> <span class='ocrx_word' id='word_1_318' title='bbox 1940 3958 2143 4009; x_wconf 84' lang='lat' dir='ltr'>maxime</span> <span class='ocrx_word' id='word_1_319' title='bbox 2194 3960 2385 4017; x_wconf 84' lang='lat' dir='ltr'>veritus,</span> <span class='ocrx_word' id='word_1_320' title='bbox 2419 3975 2481 4009; x_wconf 87' lang='lat' dir='ltr'>ne</span> <span class='ocrx_word' id='word_1_321' title='bbox 2523 3959 2608 4009; x_wconf 85' lang='lat' dir='ltr'>ille</span> <span class='ocrx_word' id='word_1_322' title='bbox 2640 3967 2879 4009; x_wconf 83' lang='lat' dir='ltr'>vereretur</span> 
     </span>
     <span class='ocr_line' id='line_1_37' title="bbox 653 4021 2879 4099; baseline 0.001 -29"><span class='ocrx_word' id='word_1_323' title='bbox 653 4022 767 4087; x_wconf 80' lang='lat' dir='ltr'>vigil</span> <span class='ocrx_word' id='word_1_324' title='bbox 877 4030 950 4071; x_wconf 83' lang='lat' dir='ltr'>tor</span> <span class='ocrx_word' id='word_1_325' title='bbox 985 4021 1219 4080; x_wconf 84' lang='lat' dir='ltr'>excubiis,</span> <span class='ocrx_word' id='word_1_326' title='bbox 1243 4031 1404 4071; x_wconf 85' lang='lat' dir='ltr'>tamen</span> <span class='ocrx_word' id='word_1_327' title='bbox 1437 4022 1733 4071; x_wconf 79' lang='lat' dir='ltr'>abdicatione</span> <span class='ocrx_word' id='word_1_328' title='bbox 1796 4022 1975 4088; x_wconf 86' lang='lat' dir='ltr'>aperire</span> <span class='ocrx_word' id='word_1_329' title='bbox 2012 4023 2190 4079; x_wconf 86' lang='lat' dir='ltr'>omnia,</span> <span class='ocrx_word' id='word_1_330' title='bbox 2236 4040 2345 4099; x_wconf 78' lang='lat' dir='ltr'>quae</span> <span class='ocrx_word' id='word_1_331' title='bbox 2390 4026 2440 4073; x_wconf 88' lang='lat' dir='ltr'>in</span> <span class='ocrx_word' id='word_1_332' title='bbox 2480 4040 2593 4073; x_wconf 87' lang='lat' dir='ltr'>eum</span> <span class='ocrx_word' id='word_1_333' title='bbox 2640 4024 2879 4073; x_wconf 73' lang='lat' dir='ltr'>Dominus</span> 
     </span>
     <span class='ocr_line' id='line_1_38' title="bbox 654 4086 2871 4152; baseline 0 -17"><span class='ocrx_word' id='word_1_334' title='bbox 654 4102 782 4135; x_wconf 76' lang='lat' dir='ltr'>saecu</span> <span class='ocrx_word' id='word_1_335' title='bbox 802 4086 834 4143; x_wconf 88' lang='lat' dir='ltr'>i,</span> <span class='ocrx_word' id='word_1_336' title='bbox 869 4094 917 4135; x_wconf 90' lang='lat' dir='ltr'>et</span> <span class='ocrx_word' id='word_1_337' title='bbox 957 4086 1146 4152; x_wconf 85' lang='lat' dir='ltr'>repulsa</span> <span class='ocrx_word' id='word_1_338' title='bbox 1190 4086 1343 4135; x_wconf 79' lang='lat' dir='ltr'>carnis</span> <span class='ocrx_word' id='word_1_339' title='bbox 1385 4094 1433 4135; x_wconf 88' lang='lat' dir='ltr'>et</span> <span class='ocrx_word' id='word_1_340' title='bbox 1475 4086 1733 4151; x_wconf 83' lang='lat' dir='ltr'>sanguinis,</span> <span class='ocrx_word' id='word_1_341' title='bbox 1799 4087 2013 4143; x_wconf 86' lang='lat' dir='ltr'>contulit,</span> <span class='ocrx_word' id='word_1_342' title='bbox 2038 4102 2097 4135; x_wconf 88' lang='grc'>116</span> <span class='ocrx_word' id='word_1_343' title='bbox 2118 4088 2259 4137; x_wconf 85' lang='grc'><strong>6116111</strong></span> <span class='ocrx_word' id='word_1_344' title='bbox 2279 4089 2432 4138; x_wconf 88' lang='lat' dir='ltr'>minus</span> <span class='ocrx_word' id='word_1_345' title='bbox 2453 4088 2737 4151; x_wconf 79' lang='lat' dir='ltr'>intelligenti</span> <span class='ocrx_word' id='word_1_346' title='bbox 2774 4104 2871 4137; x_wconf 88' lang='lat' dir='ltr'>non</span> 
     </span>
     <span class='ocr_line' id='line_1_39' title="bbox 655 4150 2880 4217; baseline 0.001 -19"><span class='ocrx_word' id='word_1_347' title='bbox 655 4150 889 4200; x_wconf 85' lang='lat' dir='ltr'>desertum</span> <span class='ocrx_word' id='word_1_348' title='bbox 909 4150 994 4199; x_wconf 90' lang='lat' dir='ltr'>tibi</span> <span class='ocrx_word' id='word_1_349' title='bbox 1025 4151 1114 4217; x_wconf 85' lang='lat' dir='ltr'>ipsi</span> <span class='ocrx_word' id='word_1_350' title='bbox 1145 4150 1310 4205; x_wconf 81' lang='lat' dir='ltr'>fecisti,</span> <span class='ocrx_word' id='word_1_351' title='bbox 1332 4158 1536 4199; x_wconf 80' lang='lat' dir='ltr'>secretus</span> <span class='ocrx_word' id='word_1_352' title='bbox 1558 4166 1587 4198; x_wconf 89' lang='grc'>6</span> <span class='ocrx_word' id='word_1_353' title='bbox 1610 4152 1735 4199; x_wconf 84' lang='lat' dir='ltr'>mul·</span> <span class='ocrx_word' id='word_1_354' title='bbox 1798 4151 1957 4201; x_wconf 84' lang='lat' dir='ltr'>divina</span> <span class='ocrx_word' id='word_1_355' title='bbox 1992 4168 2188 4201; x_wconf 85' lang='lat' dir='ltr'>munera</span> <span class='ocrx_word' id='word_1_356' title='bbox 2228 4168 2449 4202; x_wconf 78' lang='lat' dir='ltr'>concessa</span> <span class='ocrx_word' id='word_1_357' title='bbox 2484 4154 2775 4209; x_wconf 83' lang='lat' dir='ltr'>hominibus,</span> <span class='ocrx_word' id='word_1_358' title='bbox 2796 4152 2880 4201; x_wconf 82' lang='lat' dir='ltr'>sed</span> 
     </span>
     <span class='ocr_line' id='line_1_40' title="bbox 657 4214 2881 4281; baseline 0.001 -18"><span class='ocrx_word' id='word_1_359' title='bbox 657 4214 734 4272; x_wconf 86' lang='lat' dir='ltr'>tis,</span> <span class='ocrx_word' id='word_1_360' title='bbox 759 4223 953 4264; x_wconf 84' lang='lat' dir='ltr'>vocatus</span> <span class='ocrx_word' id='word_1_361' title='bbox 985 4215 1032 4263; x_wconf 90' lang='lat' dir='ltr'>in</span> <span class='ocrx_word' id='word_1_362' title='bbox 1070 4216 1249 4280; x_wconf 87' lang='lat' dir='ltr'>paucis.</span> <span class='ocrx_word' id='word_1_363' title='bbox 1305 4214 1532 4263; x_wconf 83' lang='lat' dir='ltr'>Paulinus</span> <span class='ocrx_word' id='word_1_364' title='bbox 1564 4216 1655 4281; x_wconf 88' lang='lat' dir='ltr'>Ep.</span> <span class='ocrx_word' id='word_1_365' title='bbox 1676 4216 1735 4263; x_wconf 88' lang='lat' dir='ltr'>ad</span> <span class='ocrx_word' id='word_1_366' title='bbox 1800 4216 1951 4281; x_wconf 86' lang='lat' dir='ltr'>ipsum</span> <span class='ocrx_word' id='word_1_367' title='bbox 1990 4216 2244 4280; x_wconf 71' lang='lat' dir='ltr'>praedicare</span> <span class='ocrx_word' id='word_1_368' title='bbox 2280 4216 2531 4267; x_wconf 86' lang='lat' dir='ltr'>videretur.</span> <span class='ocrx_word' id='word_1_369' title='bbox 2580 4218 2661 4266; x_wconf 87' lang='lat' dir='ltr'>Id.</span> <span class='ocrx_word' id='word_1_370' title='bbox 2680 4219 2724 4265; x_wconf 92' lang='lat' dir='ltr'><strong>E</strong></span> <span class='ocrx_word' id='word_1_371' title='bbox 2763 4252 2778 4267; x_wconf 90' lang='lat'>.</span> <span class='ocrx_word' id='word_1_372' title='bbox 2798 4218 2881 4266; x_wconf 81' lang='lat'>27.</span> 
     </span>
     <span class='ocr_line' id='line_1_41' title="bbox 659 4279 2879 4345; baseline 0 -16"><span class='ocrx_word' id='word_1_373' title='bbox 659 4294 769 4329; x_wconf 81' lang='lat' dir='ltr'>eum</span> <span class='ocrx_word' id='word_1_374' title='bbox 793 4280 983 4343; x_wconf 82' lang='lat' dir='ltr'>Ep.24.</span> <span class='ocrx_word' id='word_1_375' title='bbox 1001 4279 1489 4345; x_wconf 77' lang='lat' dir='ltr'>§.2.ap-Epp.Aug.</span> <span class='ocrx_word' id='word_1_376' title='bbox 1526 4280 1607 4328; x_wconf 88' lang='lat' dir='ltr'>Est</span> <span class='ocrx_word' id='word_1_377' title='bbox 1624 4295 1735 4343; x_wconf 83' lang='lat' dir='ltr'>cog·</span> <span class='ocrx_word' id='word_1_378' title='bbox 1801 4282 1862 4328; x_wconf 89' lang='lat' dir='ltr'>ad</span> <span class='ocrx_word' id='word_1_379' title='bbox 1918 4280 2113 4329; x_wconf 85' lang='lat' dir='ltr'>Paulin.</span> <span class='ocrx_word' id='word_1_380' title='bbox 2172 4280 2401 4331; x_wconf 82' lang='lat' dir='ltr'>Sanctum</span> <span class='ocrx_word' id='word_1_381' title='bbox 2460 4289 2507 4331; x_wconf 85' lang='lat' dir='ltr'>et</span> <span class='ocrx_word' id='word_1_382' title='bbox 2560 4298 2739 4331; x_wconf 82' lang='lat' dir='ltr'>venera</span> <span class='ocrx_word' id='word_1_383' title='bbox 2770 4282 2879 4330; x_wconf 88' lang='lat' dir='ltr'>ilem</span> 
     </span>
     <span class='ocr_line' id='line_1_42' title="bbox 663 4342 2880 4411; baseline 0.001 -19"><span class='ocrx_word' id='word_1_384' title='bbox 663 4351 804 4392; x_wconf 77' lang='lat' dir='ltr'>natus</span> <span class='ocrx_word' id='word_1_385' title='bbox 835 4342 1114 4392; x_wconf 79' lang='lat' dir='ltr'>venerabilis</span> <span class='ocrx_word' id='word_1_386' title='bbox 1147 4351 1196 4392; x_wconf 85' lang='lat' dir='ltr'>et</span> <span class='ocrx_word' id='word_1_387' title='bbox 1214 4359 1323 4392; x_wconf 84' lang='lat' dir='ltr'>vere</span> <span class='ocrx_word' id='word_1_388' title='bbox 1351 4342 1478 4393; x_wconf 84' lang='lat' dir='ltr'>beati</span> <span class='ocrx_word' id='word_1_389' title='bbox 1514 4344 1740 4409; x_wconf 84' lang='lat' dir='ltr'>Episcopi</span> <span class='ocrx_word' id='word_1_390' title='bbox 1803 4344 1989 4394; x_wconf 81' lang='lat' dir='ltr'>fratrem</span> <span class='ocrx_word' id='word_1_391' title='bbox 2014 4353 2217 4394; x_wconf 80' lang='lat' dir='ltr'>nostrum</span> <span class='ocrx_word' id='word_1_392' title='bbox 2248 4346 2427 4411; x_wconf 81' lang='lat' dir='ltr'>Papam</span> <span class='ocrx_word' id='word_1_393' title='bbox 2451 4346 2703 4411; x_wconf 83' lang='lat' dir='ltr'>Alypium.</span> <span class='ocrx_word' id='word_1_394' title='bbox 2764 4346 2880 4395; x_wconf 87' lang='lat' dir='ltr'>Hie-</span> 
     </span>
     <span class='ocr_line' id='line_1_43' title="bbox 665 4406 2533 4485; baseline 0.004 -31"><span class='ocrx_word' id='word_1_395' title='bbox 665 4406 850 4485; x_wconf 84' lang='lat' dir='ltr'>Alypii,</span> <span class='ocrx_word' id='word_1_396' title='bbox 871 4422 1011 4472; x_wconf 86' lang='lat' dir='ltr'>quem</span> <span class='ocrx_word' id='word_1_397' title='bbox 1037 4415 1132 4456; x_wconf 88' lang='lat' dir='ltr'>toto</span> <span class='ocrx_word' id='word_1_398' title='bbox 1155 4416 1342 4473; x_wconf 85' lang='lat' dir='ltr'>pectore</span> <span class='ocrx_word' id='word_1_399' title='bbox 1374 4407 1671 4483; x_wconf 82' lang='lat' dir='ltr'>amplecteris</span> <span class='ocrx_word' id='word_1_400' title='bbox 1692 4416 1741 4456; x_wconf 90' lang='lat' dir='ltr'>et</span> <span class='ocrx_word' id='word_1_401' title='bbox 1800 4425 1904 4460; x_wconf 84' lang='lat' dir='ltr'>ron.</span> <span class='ocrx_word' id='word_1_402' title='bbox 1929 4410 2025 4475; x_wconf 80' lang='lat' dir='ltr'>Ep.</span> <span class='ocrx_word' id='word_1_403' title='bbox 2044 4411 2125 4461; x_wconf 83' lang='lat'>39.</span> <span class='ocrx_word' id='word_1_404' title='bbox 2146 4426 2224 4476; x_wconf 87' lang='lat' dir='ltr'>ap.</span> <span class='ocrx_word' id='word_1_405' title='bbox 2248 4412 2372 4477; x_wconf 85' lang='lat' dir='ltr'>Epp.</span> <span class='ocrx_word' id='word_1_406' title='bbox 2406 4412 2533 4477; x_wconf 85' lang='lat' dir='ltr'>Aug.</span> 
     </span>
     <span class='ocr_line' id='line_1_44' title="bbox 667 4470 2370 4536; baseline 0.004 -19"><span class='ocrx_word' id='word_1_407' title='bbox 667 4479 862 4530; x_wconf 60' lang='lat' dir='ltr'>mentm</span> <span class='ocrx_word' id='word_1_408' title='bbox 898 4486 1008 4519; x_wconf 82' lang='grc'><strong>6616</strong></span> <span class='ocrx_word' id='word_1_409' title='bbox 1027 4470 1234 4536; x_wconf 69' lang='lat' dir='ltr'>quisquis</span> <span class='ocrx_word' id='word_1_410' title='bbox 1249 4472 1308 4522; x_wconf 84' lang='lat' dir='ltr'>de</span> <span class='ocrx_word' id='word_1_411' title='bbox 1327 4472 1411 4521; x_wconf 88' lang='lat' dir='ltr'>illo</span> <span class='ocrx_word' id='word_1_412' title='bbox 1420 4486 1518 4521; x_wconf 74' lang='lat' dir='ltr'>viro</span> <span class='ocrx_word' id='word_1_413' title='bbox 1536 4471 1739 4536; x_wconf 83' lang='lat' dir='ltr'>benigne</span> <span class='ocrx_word' id='word_1_414' title='bbox 2360 4482 2370 4488; x_wconf 74' lang='grc'><strong>“</strong></span> 
     </span>
    </p>
   </div>
   <div class='ocr_carea' id='block_1_4' title="bbox 3026 6 3033 689">
    <p class='ocr_par' dir='ltr' id='par_1_4' title="bbox 3026 6 3033 689">
     <span class='ocr_line' id='line_1_45' title="bbox 3026 6 3033 689; baseline 0 0"><span class='ocrx_word' id='word_1_415' title='bbox 3026 6 3033 689; x_wconf 95' lang='lat' dir='ltr'> </span> 
     </span>
    </p>
   </div>
  </div>
 </body>
</html>
