3042 5059
688 389 1409 459 CONFESSIONUM
1453 395 1743 460 LIBER
1784 395 1868 460 X.
2218 387 2344 459 185

132 541 232 608 est
273 543 346 606 in
389 544 798 622 hominibus3
845 549 1192 626 ambulent,
1219 548 1572 626 ambulent,
1601 571 1683 613 ne
1725 571 1827 613 eos
1871 549 2141 614 tenebrae
2180 551 2348 612 com-
2362 558 2477 611 Joh.
2500 560 2580 618 12,

115 645 562 725 prehendant.
2363 625 2446 674 3⁵·

221 747 331 808 34.
378 746 514 810 Cur
533 754 746 809 autem
765 749 807 780 “
825 747 1056 811 veritas
1083 749 1254 831 parit
1273 745 1491 810 odium
1503 747 1577 826 ’“,”
1600 758 1665 812 et
1692 739 1993 813 inimicus
2022 748 2117 812 e'is
2142 747 2351 814 factus

134 859 237 910 est
261 849 462 912 homo
492 857 640 912 tuus
671 870 886 912 verum
916 849 1298 932 praedicans,
1329 873 1476 916 cum
1517 858 1764 915 ametur
1802 853 1995 914 beata
2021 849 2176 928 vita,
2206 872 2351 934 quae
2366 869 2483 922 Joh.
2504 872 2555 930 8,

133 969 270 1011 non
299 959 403 1012 est
427 950 557 1012 nisi
589 949 896 1030 gaudium
925 948 1006 1013 de
1027 951 1328 1016 veritate:
1371 951 1502 1013 nisi
1526 952 1680 1034 quia
1708 951 1801 1014 sic
1834 958 2080 1014 amatur
2100 949 2353 1030 veritas,
2366 937 2451 987 ⁴⁰·

133 1056 208 1110 ut
239 1050 634 1134 quicumque
673 1049 852 1113 aliud
891 1058 1127 1129 amant,
1156 1051 1282 1114 hoc
1315 1051 1492 1135 quod
1537 1059 1754 1114 amant
1786 1051 1987 1114 velint
2020 1071 2161 1114 esse
2192 1051 2354 1114 veri-

130 1157 379 1226 tatem3
425 1158 490 1212 et
522 1150 676 1234 quia
713 1149 849 1212 falli
887 1146 1138 1229 nolunt,
1165 1153 1398 1214 nolunt
1436 1151 1735 1214 convinci
1774 1150 1951 1236 quod
1992 1151 2137 1215 falsi
2182 1149 2354 1214 sint?

131 1251 378 1334 Itaque
405 1257 668 1333 propter
693 1271 834 1312 eam
863 1271 997 1312 rem
1029 1250 1302 1314 oderunt
1328 1252 1681 1330 veritatem,
1711 1273 1905 1336 quam
1944 1272 2061 1335 pro
2092 1252 2357 1316 veritate

133 1358 381 1413 amant.
468 1352 706 1413 Amant
753 1371 896 1413 eam
946 1351 1292 1428 lucentem,
1339 1351 1610 1416 oderunt
1660 1373 1801 1415 eam
1848 1351 2352 1434 redarguentem.
2373 1367 2486 1418 Joh.
2507 1371 2559 1428 5,

133 1451 320 1522 Quia
359 1451 532 1513 enim
573 1448 710 1513 fani
747 1451 978 1514 nolunt
1015 1458 1080 1514 et
1120 1450 1338 1514 fallere
1375 1453 1622 1524 volunt,
1656 1460 1873 1516 amant
1912 1473 2055 1515 earn
2098 1473 2247 1515 cum
2289 1473 2357 1514 se
2370 1435 2454 1482 35.

135 1550 290 1633 ipsa
331 1549 597 1628 indicat,
628 1556 694 1612 et
734 1547 1009 1614 oderunt
1049 1571 1190 1614 eam
1235 1573 1382 1614 cum
1421 1573 1533 1614 eos
1574 1551 1755 1634 ipsos
1796 1549 2103 1615 indicat'.
2194 1550 2358 1614 Inde

137 1651 458 1723 retribuet
484 1651 600 1728 eis,
618 1659 692 1714 ut
711 1651 824 1735 qui
847 1672 916 1714 se
939 1652 1021 1714 ab
1045 1671 1123 1714 ea
1149 1652 1541 1716 manifestari
1568 1654 1818 1730 nolunt,
1835 1658 1902 1714 et
1928 1672 2039 1715 eos
2065 1653 2357 1716 nolentes

140 1751 528 1828 manifestet,
558 1758 624 1813 et
661 1752 756 1814 eis
803 1751 948 1833 ipsa
989 1770 1122 1813 non
1167 1752 1253 1815 sit
1291 1751 1647 1815 manifesta.
1736 1752 1847 1815 Sic
1888 1751 1982 1814 sic
2020 1751 2233 1830 etiam,
2264 1752 2359 1815 sic

142 1853 404 1916 animus
443 1852 786 1928 humanus,
815 1847 1007 1914 etiam
1047 1853 1140 1916 sic
1180 1873 1392 1916 caecus
1430 1860 1496 1915 et
1530 1851 1897 1932 languidae,
1926 1852 2133 1936 turpis
2164 1861 2359 1937 atque

141 1953 458 2017 indecens
507 1954 702 2015 latere
747 1953 921 2029 vult3
980 1973 1050 2015 se
1099 1960 1312 2016 autem
1361 1960 1434 2015 ut
1482 1954 1677 2016 lateat
1727 1952 1974 2036 aliquid
2022 1973 2156 2016 non
2198 1954 2356 2016 vult.

145 2054 398 2117 Contra
421 2052 519 2114 illi
549 2051 837 2114 redditur
862 2058 936 2114 ut
973 2051 1114 2134 ipse
1144 2074 1276 2114 non
1303 2054 1501 2115 lateat
1528 2052 1875 2129 veritatem,
1901 2052 2118 2136 ipsum
2148 2061 2359 2116 autem

146 2154 384 2217 veritas
422 2153 635 2215 lateat.
723 2153 972 2214 Tamen
1000 2152 1193 2215 etiam
1223 2151 1318 2216 sic
1349 2151 1500 2215 dum
1528 2151 1721 2216 miser
1750 2160 1868 2230 est,
1889 2150 2096 2216 veris·
2116 2153 2363 2216 mavult

148 2253 430 2336 gaudere
459 2273 654 2337 quam
691 2251 888 2314 falsis·
977 2251 1222 2314 Beatus
1250 2271 1400 2333 ergo
1431 2251 1571 2330 erit,
1602 2252 1659 2314 si
1698 2253 1875 2315 nulla
1912 2252 2358 2335 interpellante

145 2353 466 2430 molestia,
511 2352 592 2416 de
639 2352 807 2435 ipsa,
849 2372 966 2434 per
1007 2372 1204 2435 quam
1247 2373 1396 2414 vera
1439 2359 1590 2414 sunt
1632 2353 1867 2430 omnia,
1914 2354 2053 2416 sola
2094 2353 2359 2417 veritate

153 2454 484 2536 gaudebit.

234 2561 343 2618 35.
389 2557 570 2618 Ecce
599 2562 910 2638 quantum
941 2553 1254 2636 spatiatus
1281 2575 1422 2618 sum
1450 2556 1521 2619 in
1550 2550 1854 2629 memoria
1877 2575 2043 2633 mea,
2064 2573 2355 2638 quaerens
2389 2570 2585 2620 xxlv.

150 2667 234 2736 te,
262 2657 568 2734 Domine,
597 2663 665 2718 et
688 2676 822 2717 non
847 2665 910 2718 te
938 2653 1158 2716 inveni
1187 2664 1371 2719 extra
1398 2678 1558 2720 eam.
1646 2659 1881 2739 Neque
1910 2657 2081 2719 enim
2110 2655 2355 2740 aliquid
2374 2636 2553 2746 ἓξὲξ·

152 2757 234 2820 de
261 2765 328 2820 te
355 2756 579 2818 inveni
608 2754 784 2838 quod
809 2775 942 2817 non
969 2755 1400 2819 meminissem
1429 2778 1514 2820 ex
1539 2777 1669 2840 quo
1691 2756 1891 2820 didici
1918 2765 2002 2820 te.
2070 2759 2242 2820 Nam
2270 2779 2356 2820 ex
2373 2761 2599 2836 quodam

153 2879 284 2940 quo
307 2855 512 2919 didici
531 2863 616 2932 te,
633 2876 770 2918 non
797 2875 939 2917 sum
961 2855 1200 2918 oblitus
1226 2857 1342 2918 tui.
1409 2857 1547 2920 Ubi
1568 2856 1741 2919 enim
1767 2855 1987 2919 inveni
2006 2857 2357 2934 veritatem,
2375 2841 2545 2938 :30¹3-

151 2957 245 3020 ibi
273 2956 494 3020 inveni
522 2957 738 3018 Deum
762 2976 977 3018 meum
1003 2953 1212 3038 ipsam
1232 2955 1561 3018 veritatem
1570 2951 1621 3028 ¹¹,
1644 2953 1858 3038 quam,
1876 2976 1961 3018 ex
1984 2977 2115 3038 quo
2138 2953 2357 3032 didici,
2378 2955 2513 3002 Deus

151 3079 286 3120 non
315 3077 460 3120 sum
489 3055 746 3120 oblitus·
829 3055 1058 3137 Itaque
1085 3077 1172 3117 ex
1203 3075 1332 3138 quo
1364 3062 1427 3118 te
1457 3053 1679 3131 didici,
1709 3075 1943 3118 manes⁴
1956 3055 2027 3116 in
2054 3054 2361 3118 memoria
2376 3017 2589 3130 iffi'gtj

153 3179 318 3236 mea,
348 3165 416 3220 et
452 3157 588 3220 illic
629 3163 693 3218 te
731 3155 1012 3231 invenio,
1042 3175 1190 3218 cum
1227 3154 1599 3218 reminiscor
1637 3153 1733 3217 tui
1773 3161 1840 3217 et
1868 3153 2149 3218 delector
2174 3153 2245 3215 in
2272 3161 2357 3216 te.

156 3260 286 3321 Hae
315 3265 470 3320 sunt
497 3263 736 3320 sanctae
766 3254 1014 3317 deliciae
1043 3275 1226 3330 meae,
1259 3274 1420 3338 quas
1447 3253 1703 3317 donasti
1730 3254 1891 3316 mihi
1923 3253 2361 3316 misericordia

156 3365 268 3422 tua
293 3358 652 3440 respiciens
678 3361 1120 3438 paupertatem
1147 3374 1374 3417 meam.
2224 3353 2229 3360 '

240 3464 346 3522 36.
413 3456 546 3522 Sed
593 3456 710 3520 ubi
758 3475 980 3518 manes
1027 3454 1096 3515 in
1147 3453 1453 3516 memoria
1499 3473 1665 3530 mea,
1712 3453 2018 3530 Domine,
2062 3453 2178 3515 ubi
2226 3453 2361 3516 illic
2409 3471 2572 3520 xxv.

156 3557 422 3622 manes?
492 3557 684 3640 quale
736 3555 948 3618 cubile
993 3552 1323 3616 fabricasti
1336 3550 1366 3579 ⁴*
1410 3551 1573 3616 tibi?
1644 3553 1833 3636 quale
1887 3552 2358 3616 sanctuarium·
2380 3536 2559 3647 ἓξὲξ

159 3658 498 3722 aedificasti
527 3655 690 3720 tibi?
780 3655 886 3716 Tu
916 3651 1149 3716 dedisti
1187 3652 1355 3715 hanc
1386 3650 1827 3732 dignationem
1860 3651 2181 3715 memoriae
2206 3673 2364 3714 meae
2380 3664 2459 3711 rin
2482 3677 2590 3723 gra·

155 3768 230 3822 ut
269 3777 538 3821 maneas
584 3755 656 3817 in
703 3775 815 3830 ea3
869 3752 985 3816 sed
1029 3753 1100 3814 in
1137 3772 1268 3836 qua
1313 3750 1454 3834 ejus
1495 3759 1679 3834 parte
1714 3773 2002 3829 maneaS,
2038 3752 2165 3815 hoc
2212 3773 2363 3816 con-
2382 3727 2601 3837 ffltffiw'

157 3859 388 3922 sidero.
465 3849 890 3920 Transcendi¹
919 3852 1090 3915 enim
1118 3859 1332 3933 partes
1363 3849 1523 3934 ejus,
1556 3871 1717 3933 quas
1744 3852 1989 3914 habent
2016 3859 2081 3914 et
2119 3851 2365 3927 bestiae,
2384 3853 2538 3902 Deus.

156 3980 304 4022 cum
333 3965 400 4021 te
428 3955 812 4034 recordarer,
843 3953 1000 4036 quia
1033 3972 1167 4014 non
1199 3951 1292 4013 ibi
1327 3957 1392 4012 te
1425 3949 1833 4013 inveniebam
1860 3950 2027 4012 inter
2054 3949 2367 4029 imagines

153 4080 364 4122 rerum
392 4056 862 4140 corporalium3
905 4059 974 4116 et
996 4050 1144 4114 veni
1185 4048 1270 4113 ad
1311 4056 1527 4132 partes
1574 4047 1630 4132 ej
1638 4069 1737 4127 us,
1764 4048 1893 4111 ubi·
1925 4047 2367 4112 commendavi

155 4283 344 4331 beatam
356 4280 502 4328 vitam
510 4297 529 4340 3
561 4278 683 4328 illud
704 4277 848 4334 enim,
863 4275 944 4326 cui
962 4291 1120 4326 comes
1139 4282 1230 4331 est,
1359 4267 1377 4306 ¹
1409 4274 1518 4322 Ter.
1536 4272 1692 4346 Andr.
1712 4270 1748 4320 i.
1770 4274 1817 4327 1,
1837 4273 1920 4319 40.
1975 4333 2001 4346 ..

154 4353 202 4394 et
219 4345 440 4416 sine-quo
459 4342 1230 4456 eaegssigitgpiqsefffiongtipiqlqeffi
1359 4334 1389 4440 ἴ
1417 4339 1541 4468 3:¹13.
1555 4336 1603 4449 ἐ.
1622 4349 1753 4448 ιὶνᾷΟο.
1781 4337 1862 4383 12.
1882 4334 1920 4384 1.
1942 4349 2019 4383 vn.
2044 4349 2090 4384 c.
2116 4335 2196 4385 10.

154 4417 528 4537 ῗὶἳῖιῖῗῖωᾎζῖ.
545 4471 607 4520 ‹10
628 4469 736 4520 Lib.
758 4436 991 4518 Arb.1.'i.
1007 4481 1050 4516 e.
1083 4469 1159 4516 ιι.
