3042 5059
493 535 614 584 VII.

445 600 642 665 Impati-

443 666 574 711 entia

443 727 617 777 doloris

443 801 594 841 mutat

445 858 595 906 locum
604 894 614 905 .

480 2975 632 3023 VIII.

443 3040 652 3114 Tempus

446 3114 492 3151 et
516 3121 632 3152 ami·

685 379 766 434 52
1236 369 1300 431 S.
1348 367 1866 431 AUGUSTINI
1916 365 2333 429 EPISCOPI

774 530 870 587 12.
918 524 976 587 Ο
1007 524 1390 587 dementiam
1418 522 1811 586 nescientem
1848 520 2113 602 diligere
2152 520 2448 583 homines
2490 515 2899 582 humaniter!

682 648 720 688 o
753 627 1016 689 stultum
1045 626 1370 689 hominem
1400 623 1813 687 immoderate
1840 624 2123 685 humana
2163 621 2535 703 patientem,
2567 620 2746 704 quod
2777 640 2901 700 ego

680 736 834 793 tunc
879 751 1050 793 eram
1077 727 1090 791 ἱ
1139 730 1372 813 Itaque
1415 730 1783 805 aestuabam,
1814 726 2235 809 suspirabam,
2266 726 2520 800 flebam,
2550 724 2901 797 turbabar-3

681 853 801 895 nec
831 831 1086 915 requies
1116 838 1268 905 erat,
1298 851 1416 892 nec
1449 830 1805 893 consilium.
1882 829 2225 893 Portabam
2256 826 2427 889 enim
2458 822 2901 888 conscissam*

681 940 748 996 et
775 940 1102 996 cruentam
1132 932 1410 995 animam
1437 952 1668 1006 meam,
1697 930 2137 1014 impatientem
2166 950 2207 990 a
2232 948 2335 991 me
2360 927 2601 1009 portari
2626 950 2644 1003 ;
2690 933 2758 989 et
2783 925 2901 987 ubi

682 1056 824 1097 eam
867 1054 1170 1117 ponerem
1213 1053 1344 1094 non
1386 1031 1808 1094 inveniebam.
1901 1032 2053 1093 Non
2096 1029 2164 1090 in
2208 1028 2478 1091 amoenis
2506 1027 2899 1102 nemoribus,

682 1157 815 1197 non
842 1136 913 1197 in
939 1134 1112 1197 ludis
1143 1142 1334 1217 atque
1366 1132 1687 1209 cantibuS,
1715 1152 1837 1193 nec
1867 1130 1936 1191 in
1973 1151 2165 1193 suave
2206 1129 2528 1192 olentibus
2560 1128 2746 1205 lociS,
2776 1148 2900 1189 nec

683 1237 752 1298 in
783 1235 1096 1299 conviviis
1127 1233 1468 1317 apparatiS,
1499 1254 1710 1317 neque
1740 1233 1809 1294 in
1840 1233 2165 1314 voluptate
2210 1230 2442 1293 cubilis
2470 1237 2535 1293 et
2558 1229 2737 1306 lecti,
2766 1250 2899 1291 non

686 1338 964 1422 denique
993 1337 1064 1399 in
1088 1335 1271 1399 libris
1314 1344 1507 1419 atque
1542 1333 1931 1397 carminibus
1970 1333 2438 1416 acquiescebat.
2528 1331 2903 1393 Horrebant

686 1440 921 1515 omnia,
972 1445 1038 1500 et
1083 1438 1228 1519 ipsa
1269 1438 1387 1499 lux
1412 1459 1428 1512 3
1495 1442 1563 1499 et
1613 1432 1931 1519 quidquid
1987 1454 2118 1495 non
2176 1440 2312 1495 erat
2360 1430 2537 1516 quod
2578 1432 2689 1494 ille
2742 1438 2899 1508 erat,

684 1539 1046 1621 improbum
1107 1546 1173 1601 et
1229 1537 1525 1600 odiosum
1582 1546 1737 1613 erat,
1794 1543 2023 1619 praeter
2079 1534 2385 1615 gemitum
2442 1541 2510 1597 et
2559 1534 2897 1615 lacrymas.

686 1642 856 1703 Nam
884 1640 952 1701 in
983 1640 1078 1702 eis
1109 1639 1264 1701 solis
1293 1639 1694 1723 aliquantula
1720 1638 1991 1720 requies,
2070 1636 2205 1701 Ubi
2234 1644 2447 1699 autem
2474 1634 2625 1698 inde
2655 1634 2898 1698 ausere-

682 1745 870 1807 batur
905 1743 1120 1807 anima
1146 1764 1310 1817 mea,
1342 1743 1649 1805 onerabat
1689 1762 1791 1802 me
1831 1740 2088 1820 grandis
2128 1740 2377 1805 sarcina
2411 1738 2703 1803 miseriae.
2795 1738 2898 1801 Ad

682 1846 812 1925 ἴθ’,
844 1847 1147 1921 Domine,
1175 1844 1450 1909 levanda
1477 1853 1613 1908 erat
1638 1852 1703 1907 et
1732 1844 2034 1924 curanda,
2065 1845 2381 1921 sciebam,
2430 1843 2544 1907 sed
2570 1864 2692 1906 nec
2724 1843 2898 1905 vole-

681 1948 854 2023 bam,
880 1968 1002 2009 nec
1047 1947 1360 2023 valebam,
1391 1967 1469 2008 eo
1509 1946 1717 2026 magis
1758 1946 1911 2029 quia
1951 1967 2081 2008 non
2109 1946 2271 2009 mihi
2300 1966 2438 2009 eras
2468 1945 2717 2029 aliquid
2748 1944 2897 2006 soli-

685 2048 840 2110 dum
869 2054 934 2109 et
962 2046 1236 2122 firmum,
1267 2068 1414 2109 cum
1444 2045 1525 2109 de
1556 2053 1618 2107 te
1650 2046 2030 2127 cogitabam.
2106 2048 2261 2109 Non
2289 2046 2459 2108 enim
2489 2053 2561 2108 tu
2590 2067 2754 2121 eraS,
2784 2044 2899 2107 sed

682 2168 920 2212 vanum
939 2149 1321 2231 phantasma
1330 2154 1371 2223 ⁰,
1397 2154 1462 2209 et
1489 2169 1659 2210 error
1685 2169 1865 2210 meus
1894 2157 2029 2211 erat
2044 2148 2226 2211 Deus
2254 2169 2452 2210 meuS.
2516 2146 2586 2211 Si
2617 2148 2903 2210 conabar

684 2272 826 2313 eam
853 2250 946 2313 ibi
984 2270 1223 2332 ponere
1251 2254 1325 2311 ut
1350 2248 1797 2333 requiesceret,
1827 2269 1944 2331 per
1972 2236 2173 2311 inane*
2190 2249 2540 2327 labebatur,
2572 2258 2637 2312 et
2663 2249 2899 2310 iterum

682 2352 908 2414 ruebat
943 2371 1134 2433 super
1174 2372 1318 2427 me,
1363 2358 1428 2413 et
1457 2371 1580 2430 ego
1622 2350 1782 2413 mihi
1819 2371 2246 2413 remanseram
2284 2350 2510 2413 infelix
2547 2352 2757 2428 locuS,
2784 2351 2898 2413 ubi

682 2473 802 2515 nec
847 2473 990 2514 esse
1041 2473 1319 2535 possem,
1363 2473 1483 2514 nec
1528 2450 1678 2515 inde
1720 2451 2033 2515 recedere.
2124 2452 2270 2523 Quo
2314 2452 2485 2515 enim
2530 2474 2641 2515 cor
2682 2474 2900 2515 meum

680 2553 930 2633 fugeret
971 2575 1011 2616 a
1050 2552 1240 2616 corde
1280 2551 1469 2615 meo?
1520 2574 1649 2636 quo
1694 2575 1733 2616 a
1772 2574 1873 2615 me
1914 2554 2060 2635 ipso
2094 2552 2420 2633 fiigerem?
2470 2575 2599 2637 quo
2630 2575 2735 2617 me
2767 2566 2919 2617 non·

685 2653 1026 2738 sequerer?
1103 2656 1194 2718 Et
1220 2662 1434 2717 tamen
1473 2653 1612 2733 fugi
1643 2652 1722 2715 de
1761 2653 1985 2735 patria.
2074 2654 2301 2717 Minus
2340 2654 2511 2717 enim
2540 2676 2689 2717 eum
2723 2678 2899 2738 quae-

681 2758 908 2819 rebant
946 2756 1118 2819 oculi
1159 2756 1307 2833 mei,
1335 2756 1448 2817 ubi
1490 2754 1705 2818 videre
1744 2776 1877 2817 non
1920 2757 2247 2832 solebant3
2294 2764 2486 2839 atque
2527 2778 2567 2819 a
2604 2757 2899 2837 Thagas-

685 2857 850 2920 tensi
881 2857 1122 2940 oppido
1152 2858 1298 2920 veni
1330 2858 1802 2939 Carthaginem.

776 2963 872 3021 13.
921 2961 1073 3021 Non
1104 2966 1336 3022 vacant
1362 2967 1672 3044 tempora,
1701 2981 1821 3023 nec
1852 2960 2055 3023 otiose
2084 2962 2456 3036 volvuntur3
2513 2981 2631 3042 per
2670 2982 2899 3023 sensus

682 3067 930 3122 nostros
986 3060 1231 3124 faciunt
1285 3061 1353 3123 in
1413 3062 1627 3124 animo
1687 3062 1848 3125 mira
1907 3083 2117 3145 opera.
2209 3063 2384 3124 Ecce
2441 3062 2794 3125 veniebant
2836 3071 2899 3125 et

443 3182 606 3217 corum
679 3161 1090 3243 praeteribant
1132 3162 1212 3225 de
1259 3162 1364 3225 die
1392 3164 1463 3224 in
1503 3162 1696 3241 diem,
1726 3170 1792 3226 et
1819 3162 2133 3225 veniendo
2163 3169 2229 3225 et
2256 3163 2699 3244 praetereundo
2731 3164 2899 3227 inse-

445 3233 591 3281 collo·

447 3300 560 3359 quia
582 3298 666 3344 do-

449 3363 535 3410 lori
559 3378 655 3409 me-

448 3426 632 3476 dentur.

449 3689 558 3737 fors.

450 3754 548 3803 Job
578 3754 654 3807 16.

455 3822 532 3867 14.

681 3264 907 3325 rebant
963 3262 1122 3324 mihi
1183 3263 1433 3345 species
1493 3263 1651 3326 alias
1710 3272 1774 3325 et
1831 3262 1989 3327 alias
2046 3264 2403 3343 memoriaS,
2464 3272 2529 3327 et
2584 3266 2901 3348 paulatim

682 3363 1112 3425 resarciebant
1137 3384 1240 3425 me
1283 3363 1571 3445 pristinis
1602 3364 1939 3444 generibus
1976 3364 2493 3443 delectationum,
2524 3366 2779 3449 quibus·
2798 3388 2900 3430 ce-

686 3462 882 3526 debat
924 3461 1105 3525 dolor
1147 3484 1328 3525 meus
1370 3464 1520 3540 i11e3
1582 3463 1694 3527 sed
1723 3465 2153 3528 succedebant
2184 3487 2316 3527 non
2356 3466 2617 3550 quidem
2646 3467 2903 3530 dolores

687 3564 817 3640 alii,
847 3585 1058 3626 causae
1089 3572 1301 3627 tamen
1332 3565 1597 3628 aliorum
1629 3564 1917 3629 dolorum
1930 3573 1972 3628 ¹³.
2059 3568 2231 3629 Nam
2260 3567 2431 3631 unde
2461 3590 2562 3631 me
2592 3569 2903 3633 facillime

687 3671 753 3727 et
779 3664 848 3726 in
876 3664 1102 3728 intima
1131 3665 1313 3728 dolor
1339 3667 1448 3729 ille
1489 3674 1948 3749 penetraverat,
1978 3666 2106 3730 nisi
2137 3668 2293 3751 quia
2298 3670 2619 3751 fuderam
2650 3673 2727 3732 in
2755 3694 2903 3733 are-

687 3786 840 3827 nam
880 3768 1170 3828 animam
1211 3788 1446 3844 meam,
1477 3766 1805 3848 diligendo
1846 3768 2219 3832 moriturum
2260 3792 2335 3833 ac
2380 3769 2433 3832 si
2473 3792 2606 3833 non
2635 3772 2902 3833 moritu-

687 3888 826 3929 rum
851 3866 874 3929 ?
950 3868 1241 3930 Maxime
1283 3868 1529 3951 quippe
1557 3890 1659 3931 me
1688 3870 2069 3951 reparabant
2106 3877 2300 3954 atque
2338 3873 2715 3935 recreabant
2744 3872 2902 3935 alio-

687 3991 825 4032 rum
876 3969 1224 4032 amicorum
1281 3969 1531 4047 solatia,
1583 3992 1730 4033 cum
1788 3971 2025 4054 quibus
2085 3972 2378 4035 amabam
2436 3972 2611 4056 quod
2671 3994 2791 4055 pro
2839 3980 2903 4035 te

690 4072 1015 4133 amabam:
1069 4079 1134 4134 et
1174 4071 1300 4133 hoc
1345 4078 1481 4135 erat
1521 4070 1753 4152 ingens
1795 4071 2012 4135 fabula
2054 4080 2119 4134 et
2159 4074 2425 4153 longum
2468 4072 2904 4150 mendacium,

691 4170 875 4254 cujus
932 4171 1289 4235 adulterina
1348 4172 1803 4236 confricatione
1866 4175 2387 4255 corrumpebatur
2443 4195 2624 4236 mens
2682 4183 2909 4237 nostra

687 4272 979 4355 pruriens
1024 4272 1094 4334 in
1141 4273 1418 4336 auribus,
1511 4271 1639 4335 Sed
1687 4271 1801 4335 illa
1846 4271 2004 4335 mihi
2051 4273 2271 4337 fabula
2313 4295 2444 4337 non
2490 4274 2904 4351 moriebatur,

691 4375 746 4436 si
787 4374 934 4457 quis
975 4374 1322 4437 amicorum
1360 4394 1645 4437 meorum
1686 4382 2044 4437 moreretur.
2134 4375 2283 4437 Alia
2321 4384 2501 4439 erant
2528 4397 2674 4460 quae
2705 4376 2779 4438 in
2811 4376 2905 4439 eis

705 4565 712 4573 ,
756 4516 782 4543 ⁰
816 4513 930 4561 vid.
952 4528 1058 4576 sup.
1083 4514 1126 4575 §.
1149 4515 1196 4561 9.
1490 4520 1518 4557 Ρ
1550 4514 1665 4576 Sup.
1690 4514 1749 4562 L.
1770 4513 1799 4561 i.
1824 4529 1868 4562 c.
1896 4512 2047 4567 Linf.
2068 4529 2112 4563 c.
2148 4515 2207 4562 lo
2228 4521 2276 4562 et
2306 4515 2378 4565 12.
2402 4515 2442 4576 ς.
2471 4515 2547 4564 18.
2589 4522 2640 4565 et
2658 4514 2728 4563 vi.
2757 4516 2837 4565 16.
