3042 5059
575 367 1293 432 CONFESSIONUM
1340 370 1626 432 LIBER
1670 370 1790 430 IX.
2156 370 2277 428 159

69 519 366 610 'potcnfiae
395 543 536 586 suae
567 522 824 602 tribuat,
853 523 908 585 si
937 524 1131 586 verbo
1162 524 1299 608 ejus
1327 524 1492 586 alius
1523 523 1894 603 corrigatur,
1926 543 2117 606 quem
2144 521 2283 584 vult

75 625 310 706 corrigi.
1665 671 1671 678 .

160 731 252 788 19.
294 723 602 786 Educata
628 723 844 806 itaque
872 723 1108 806 pudice
1139 747 1214 788 ac
1246 723 1475 800 sobrie,
1495 723 1839 806 potiusque
1870 745 1910 786 a
1936 731 2000 784 te
2024 722 2283 784 subdita
2358 725 2457 774 IX·

79 825 454 913 parentibuS,
489 821 688 907 quam
731 845 772 886 a
813 824 1185 907 parentibus
1231 824 1371 900 tibi,
1400 823 1514 886 ubi
1559 822 1773 905 plenis
1812 822 1997 884 annis
2039 821 2277 882 nubilis
2296 789 2488 902 32:12-

81 931 233 992 facta
270 933 385 1004 est,
414 925 660 988 tradita
697 918 834 987 viro
875 925 1133 987 servivit
1169 925 1366 987 veluti
1409 924 1709 1000 domino3
1762 929 1827 985 et
1864 922 2096 1002 sategit
2132 943 2279 984 eum
2294 917 2459 966 matria

81 1025 290 1092 lucrari
315 1024 462 1102 fibi,
489 1025 768 1126 loquens
797 1032 860 1087 te
888 1025 986 1086 illi
1014 1027 1299 1089 moribus
1331 1027 1486 1102 suiS,
1506 1025 1745 1107 quibus
1774 1045 1915 1086 eam
1943 1023 2279 1106 pulchram
2294 995 2449 1094 ἷξες,
2542 1063 2547 1068 -

85 1131 360 1205 faciebaS,
401 1136 467 1191 et
506 1136 865 1190 reverenter
910 1128 1252 1192 amabilem
1300 1137 1493 1213 atque
1535 1127 1891 1190 mirabilem
1931 1126 2087 1188 viro,
2177 1128 2285 1189 Ita
2296 1123 2475 1238 {2213}-

90 1239 276 1296 autem
304 1229 601 1293 toleravit
621 1229 854 1292 cubilis
881 1228 1167 1312 injurias,
1185 1237 1259 1292 ut
1276 1231 1520 1292 nullam
1543 1227 1623 1290 de
1644 1228 1767 1290 hac
1789 1247 1857 1288 re
1880 1248 2029 1289 cum
2050 1227 2295 1294 marito,

89 1334 324 1395 haberet
340 1350 633 1413 unquam
657 1329 1060 1392 simultatem.
1123 1331 1572 1413 Exspectabat
1591 1329 1763 1392 enim
1784 1327 2285 1391 misericordiam

92 1447 243 1500 tuam
271 1455 460 1516 super
488 1454 661 1510 eum,
679 1440 752 1495 ut
770 1433 840 1495 in
869 1441 932 1496 te
964 1432 1230 1496 credens
1254 1433 1730 1497 castificaretur.
1807 1433 1968 1495 Erat
1994 1453 2145 1495 vero
2174 1432 2285 1496 ille

95 1545 383 1622 praeterea,
415 1533 589 1596 sicut
626 1533 1072 1597 benevolentia
1098 1533 1487 1616 praecipuUS,
1516 1533 1610 1596 ita
1636 1532 1731 1595 ira
1760 1531 2059 1595 fervidus.
2152 1532 2285 1596 Sed

95 1643 324 1700 noverat
348 1635 490 1696 haec
518 1654 655 1694 non
683 1632 974 1695 resistere
1004 1632 1166 1694 irato
1197 1632 1352 1709 viro,
1381 1654 1514 1695 non
1558 1639 1807 1694 tantum
1834 1631 2025 1709 fact0,
2058 1632 2172 1695 sed
2199 1653 2284 1694 ne

100 1740 264 1802 verbo
301 1734 576 1819 quidem.
667 1730 709 1794 J
711 1756 812 1796 am
843 1755 991 1796 vero
1021 1733 1360 1797 refractum
1392 1742 1456 1796 et
1471 1719 1769 1816 'quietum
1800 1754 1945 1796 cum
1978 1741 2283 1817 opportu-

99 1861 231 1902 num
267 1837 521 1914 videret,
551 1837 866 1899 rationem
907 1835 1063 1900 facti
1108 1837 1207 1899 sui
1249 1835 1579 1912 reddebat,
1611 1836 1666 1897 si
1704 1835 1861 1901 forte
1904 1835 2015 1899 ille
2058 1838 2282 1900 incon-

103 1941 396 2006 sideratius
442 1940 802 2003 commotus
845 1939 1068 2002 fuerat.
1156 1939 1478 2022 Denique,
1525 1959 1673 2001 cum
1717 1945 2021 2002 matronae
2067 1941 2283 2002 multae

108 2065 338 2132 quarum
401 2043 520 2104 viri
594 2044 1054 2106 mansuetiores
1113 2049 1313 2120 erant,
1367 2043 1703 2124 plagarum
1760 2041 2032 2122 vestigia
2090 2043 2284 2106 etiam

107 2148 483 2210 dehonestata
534 2143 702 2206 facie
763 2151 1072 2224 gererent,
1131 2143 1297 2205 inter
1353 2142 1562 2206 amica
1620 2143 1945 2225 colloquia
1998 2144 2127 2206 illae
2182 2166 2280 2207 ar-

111 2248 352 2330 guebant
393 2243 764 2306 maritorum
810 2244 1028 2323 vitam,
1076 2244 1216 2306 haec
1279 2264 1495 2306 earum
1552 2243 1863 2324 linguam,
1914 2245 2115 2306 veluti
2168 2266 2285 2328 per

104 2349 288 2433 jocum
331 2344 601 2426 graviter
646 2343 1016 2421 admonenS,
1065 2366 1149 2407 ex
1201 2365 1330 2427 quo
1381 2343 1525 2406 illas
1571 2345 1826 2406 tabulas
1876 2366 2020 2428 quae
2067 2346 2284 2408 matri-

66 2527 70 2530 ,
110 2448 376 2511 moniales
429 2453 760 2522 vocantur,
805 2446 1058 2509 recitari
1111 2443 1458 2521 audissent,
1507 2452 1815 2527 tanquam
1865 2445 2286 2509 instrumenta

65 2581 70 2598 ι
115 2549 308 2633 quibus
361 2547 613 2610 ancillae
670 2547 857 2609 factae
917 2554 1151 2622 essent,
1213 2545 1520 2628 deputare
1592 2544 1941 2619 debuisse;
2012 2546 2285 2628 proinde

111 2673 375 2714 memores
419 2649 808 2713 conditionis
839 2650 1181 2734 ‘superbire
1233 2648 1533 2711 adversus
1579 2646 1874 2711 dominos
1919 2670 2051 2711 non
2098 2671 2285 2733 opor-

115 2763 232 2817 tere.
311 2752 599 2835 Cumque
643 2751 1018 2814 mirarentur
1059 2751 1211 2826 illae,
1254 2750 1531 2812 scientes
1576 2770 1770 2832 quam
1812 2750 2087 2814 ferocem
2131 2774 2285 2815 con-

109 2854 290 2938 jugem
316 2853 666 2929 sustineret,
693 2873 1025 2935 nunquam
1066 2850 1264 2913 fuisse
1307 2850 1617 2928 auditum,
1650 2858 1761 2913 aut
1791 2851 2010 2934 aliquo
2040 2852 2289 2917 indicio⁴

116 2954 388 3032 claruisse,
439 2952 618 3036 quod
667 2953 986 3016 Patricius
1046 2950 1345 3014 ceciderit
1403 2972 1693 3027 uxorem,
1747 2960 1857 3014 aut
1906 2952 2083 3034 quod
2127 2976 2167 3016 a
2212 2976 2281 3016 se

115 3055 344 3119 invicem
365 3055 463 3118 vel
491 3077 695 3117 unum
726 3054 896 3117 diem
936 3053 1288 3117 domestica
1315 3053 1428 3115 lite
1459 3053 1897 3130 dissenserint,
1928 3063 1994 3116 et
2022 3047 2282 3118 causam

115 3157 447 3220 familiariter
497 3164 892 3240 quaererent3
956 3154 1231 3218 docebat
1276 3155 1391 3216 illa
1435 3153 1800 3216 institutum
1848 3177 2055 3232 suum,
2106 3156 2282 3240 quod

123 3280 274 3340 supra
305 3259 654 3322 memoravi.
745 3260 906 3331 Quae
952 3257 1396 3332 observabant,
1435 3264 1720 3338 expertae
1761 3258 2279 3336 gratulabantur;

125 3380 234 3442 quae
258 3381 374 3421 non
401 3349 845 3438 observabant,
877 3358 1182 3442 subjectae
1212 3357 1630 3420 vexabantur.

189 3464 273 3520 20.
314 3461 570 3524 Socrum
600 3461 790 3524 etiam
822 3480 1002 3524 suam
1029 3461 1236 3542 primo
1269 3459 1541 3522 susurris
1570 3461 1878 3522 malarum
1908 3460 2281 3522 ancillarum

128 3559 401 3624 adversum
443 3585 508 3626 se
553 3563 862 3626 irritatam
907 3563 1006 3627 sic
1047 3562 1239 3626 evicit
1284 3561 1637 3644 obsequiiS,
1666 3582 2077 3643 perseverans
2121 3562 2279 3623 tole-

127 3662 287 3724 rantia
311 3670 371 3724 et
393 3664 897 3743 mansuetudine,
927 3672 1000 3727 ut
1025 3665 1139 3727 illa
1181 3665 1349 3725 ultro
1394 3661 1533 3724 filio
1580 3684 1696 3724 suo
1741 3662 1983 3725 medias
2027 3662 2281 3742 linguas

131 3760 442 3824 famularum
466 3764 784 3847 proderet,
815 3765 1050 3849 quibus
1078 3765 1244 3826 inter
1274 3784 1342 3825 se
1380 3770 1444 3825 et
1478 3783 1709 3824 nurum
1753 3783 1887 3844 pax
1932 3762 2284 3825 domestica

131 3863 456 3944 turbabatur,
484 3873 939 3948 expeteretque
969 3865 1336 3928 vindictam.
1426 3864 1659 3946 Itaque
1691 3870 2109 3945 posteaquam
2149 3863 2281 3937 ille,

135 3966 183 4020 et
202 3963 356 4024 matri
395 3967 855 4048 obtemperans,
897 3975 962 4028 et
1001 3987 1230 4028 curans
1264 3963 1529 4027 -familiae
1572 3961 2001 4044 disciplinam,
2032 3969 2098 4024 et
2127 3982 2279 4024 con-

135 4059 317 4125 cordiae
371 4086 618 4128 suorum
676 4068 1038 4142 consulens,
1088 4064 1374 4148 proditas
1427 4061 1508 4126 ad
1557 4059 1889 4143 prodentis
1950 4061 2279 4123 arbitrium

134 4162 438 4227 verberibus
473 4167 772 4243 coercuit,
802 4167 1096 4249 promisit
1133 4167 1246 4229 illa
1286 4164 1440 4228 talia
1483 4162 1564 4224 de
1608 4183 1675 4224 se
1717 4162 1983 4243 praemia
2026 4184 2279 4246 sperare

139 4257 334 4341 debere,
377 4287 785 4351 quaecumque
845 4266 924 4329 de
983 4288 1100 4329 sua
1153 4286 1318 4329 nuru
1377 4263 1522 4340 sibi,
1586 4284 1715 4346 quo
1773 4262 2076 4345 placeret,
2123 4254 2276 4326 mali

139 4358 331 4442 aliquid
365 4367 752 4452 loqueretur:
812 4367 1118 4451 nullaque
1153 4366 1292 4450 jam
1337 4365 1633 4442 audente,
1677 4364 2074 4426 memorabili
2116 4366 2284 4427 inter

140 4476 188 4518 se
209 4461 627 4532 benevolentiae
660 4469 970 4532 suavitate
1001 4467 1320 4530 vixerunt.
