<?xml version="1.0" encoding="UTF-8"?>
<!DOCTYPE html PUBLIC "-//W3C//DTD XHTML 1.0 Transitional//EN"
    "http://www.w3.org/TR/xhtml1/DTD/xhtml1-transitional.dtd">
<html xmlns="http://www.w3.org/1999/xhtml" xml:lang="en" lang="en">
 <head>
  <title>
</title>
<meta http-equiv="Content-Type" content="text/html;charset=utf-8" />
  <meta name='ocr-system' content='tesseract 3.04.00' />
  <meta name='ocr-capabilities' content='ocr_page ocr_carea ocr_par ocr_line ocrx_word'/>
</head>
<body>
  <div class='ocr_page' id='page_1' title='image "./confessionespos00dubogoog_0240.png"; bbox 0 0 3042 5059; ppageno 0'>
   <div class='ocr_carea' id='block_1_1' title="bbox 310 3067 669 3132">
    <p class='ocr_par' dir='ltr' id='par_1_1' title="bbox 310 3067 669 3132">
     <span class='ocr_line' id='line_1_1' title="bbox 310 3067 669 3132; baseline 0 -16"><span class='ocrx_word' id='word_1_1' title='bbox 310 3091 317 3110; x_wconf 60' lang='lat' dir='ltr'>x</span> <span class='ocrx_word' id='word_1_2' title='bbox 443 3067 669 3132; x_wconf 78' lang='lat' dir='ltr'><strong>aenigma-</strong></span> 
     </span>
    </p>
   </div>
   <div class='ocr_carea' id='block_1_2' title="bbox 676 341 2399 410">
    <p class='ocr_par' dir='ltr' id='par_1_2' title="bbox 676 341 2399 410">
     <span class='ocr_line' id='line_1_2' title="bbox 676 341 2399 410; baseline -0.003 0"><span class='ocrx_word' id='word_1_3' title='bbox 676 350 804 410; x_wconf 74' lang='lat'><strong>218</strong></span> <span class='ocrx_word' id='word_1_4' title='bbox 1228 345 1294 410; x_wconf 76' lang='lat' dir='ltr'><strong>S.</strong></span> <span class='ocrx_word' id='word_1_5' title='bbox 1341 343 1863 410; x_wconf 80' lang='lat' dir='ltr'>AUGUSTINI</span> <span class='ocrx_word' id='word_1_6' title='bbox 1906 341 2328 408; x_wconf 84' lang='lat' dir='ltr'><strong>EPISCOPI</strong></span> <span class='ocrx_word' id='word_1_7' title='bbox 2392 367 2399 376; x_wconf 87' lang='lat'><em>·</em></span> 
     </span>
    </p>
   </div>
   <div class='ocr_carea' id='block_1_3' title="bbox 436 497 2996 4420">
    <p class='ocr_par' dir='ltr' id='par_1_3' title="bbox 436 497 2996 4420">
     <span class='ocr_line' id='line_1_3' title="bbox 675 497 2911 586; baseline -0.003 -22"><span class='ocrx_word' id='word_1_8' title='bbox 675 509 832 564; x_wconf 76' lang='lat' dir='ltr'><strong>csse&#39;</strong></span> <span class='ocrx_word' id='word_1_9' title='bbox 849 500 1012 586; x_wconf 84' lang='lat' dir='ltr'><strong>jam,</strong></span> <span class='ocrx_word' id='word_1_10' title='bbox 1047 519 1262 585; x_wconf 84' lang='lat' dir='ltr'><strong>neque</strong></span> <span class='ocrx_word' id='word_1_11' title='bbox 1303 499 1372 563; x_wconf 87' lang='lat' dir='ltr'><strong>id</strong></span> <span class='ocrx_word' id='word_1_12' title='bbox 1415 498 1595 583; x_wconf 88' lang='lat' dir='ltr'><strong>quod</strong></span> <span class='ocrx_word' id='word_1_13' title='bbox 1630 497 2022 582; x_wconf 72' lang='lat' dir='ltr'><strong>praeterimm</strong></span> <span class='ocrx_word' id='word_1_14' title='bbox 2060 507 2176 564; x_wconf 82' lang='lat' dir='ltr'><strong>est.</strong></span> <span class='ocrx_word' id='word_1_15' title='bbox 2266 497 2487 562; x_wconf 81' lang='lat' dir='ltr'><strong>Pauca</strong></span> <span class='ocrx_word' id='word_1_16' title='bbox 2530 505 2685 562; x_wconf 78' lang='lat' dir='ltr'><strong>sunt</strong></span> <span class='ocrx_word' id='word_1_17' title='bbox 2726 498 2911 560; x_wconf 86' lang='lat' dir='ltr'><strong>enim</strong></span> 
     </span>
     <span class='ocr_line' id='line_1_4' title="bbox 675 596 2910 686; baseline -0.002 -21"><span class='ocrx_word' id='word_1_18' title='bbox 675 621 824 686; x_wconf 77' lang='lat' dir='ltr'><strong>quae</strong></span> <span class='ocrx_word' id='word_1_19' title='bbox 872 598 1130 684; x_wconf 85' lang='lat' dir='ltr'><strong>proprie</strong></span> <span class='ocrx_word' id='word_1_20' title='bbox 1184 599 1529 685; x_wconf 88' lang='lat' dir='ltr'><strong>loquimur,</strong></span> <span class='ocrx_word' id='word_1_21' title='bbox 1574 601 1762 683; x_wconf 76' lang='lat' dir='ltr'><strong>plura</strong></span> <span class='ocrx_word' id='word_1_22' title='bbox 1804 620 1937 664; x_wconf 86' lang='lat' dir='ltr'><strong>non</strong></span> <span class='ocrx_word' id='word_1_23' title='bbox 1982 598 2282 684; x_wconf 85' lang='lat' dir='ltr'><strong>proprie3</strong></span> <span class='ocrx_word' id='word_1_24' title='bbox 2352 596 2468 662; x_wconf 87' lang='lat' dir='ltr'><strong>sed</strong></span> <span class='ocrx_word' id='word_1_25' title='bbox 2516 597 2910 679; x_wconf 67' lang='lat' dir='ltr'><strong>agnoscitur</strong></span> 
     </span>
     <span class='ocr_line' id='line_1_5' title="bbox 677 700 1154 786; baseline 0 -22"><span class='ocrx_word' id='word_1_26' title='bbox 677 700 838 786; x_wconf 88' lang='lat' dir='ltr'><strong>quid</strong></span> <span class='ocrx_word' id='word_1_27' title='bbox 865 701 1154 764; x_wconf 77' lang='lat' dir='ltr'><strong>velimus.</strong></span> 
     </span>
     <span class='ocr_line' id='line_1_6' title="bbox 437 789 2996 912; baseline -0.002 -48"><span class='ocrx_word' id='word_1_28' title='bbox 437 789 650 912; x_wconf 43' lang='lat'><strong>0336·</strong></span> <span class='ocrx_word' id='word_1_29' title='bbox 763 806 869 864; x_wconf 77' lang='lat'><strong>2⁷.</strong></span> <span class='ocrx_word' id='word_1_30' title='bbox 915 797 1080 864; x_wconf 84' lang='lat' dir='ltr'>Dixi</span> <span class='ocrx_word' id='word_1_31' title='bbox 1135 821 1290 882; x_wconf 76' lang='lat' dir='ltr'><strong>ergo</strong></span> <span class='ocrx_word' id='word_1_32' title='bbox 1359 801 1555 885; x_wconf 76' lang='lat' dir='ltr'><strong>paulo</strong></span> <span class='ocrx_word' id='word_1_33' title='bbox 1622 809 1793 876; x_wconf 83' lang='lat' dir='ltr'><strong>ante,</strong></span> <span class='ocrx_word' id='word_1_34' title='bbox 1852 799 2029 883; x_wconf 89' lang='lat' dir='ltr'><strong>quod</strong></span> <span class='ocrx_word' id='word_1_35' title='bbox 2086 799 2539 882; x_wconf 81' lang='lat' dir='ltr'><strong>praetereuutia</strong></span> <span class='ocrx_word' id='word_1_36' title='bbox 2608 807 2914 881; x_wconf 83' lang='lat' dir='ltr'><strong>tempora</strong></span> <span class='ocrx_word' id='word_1_37' title='bbox 2995 795 2996 798; x_wconf 64' lang='grc'>’</span> 
     </span>
     <span class='ocr_line' id='line_1_7' title="bbox 438 898 2913 984; baseline -0.001 -19"><span class='ocrx_word' id='word_1_38' title='bbox 438 917 502 965; x_wconf 80' lang='lat' dir='ltr'><strong>do</strong></span> <span class='ocrx_word' id='word_1_39' title='bbox 523 925 643 967; x_wconf 77' lang='lat' dir='ltr'><strong>tem·</strong></span> <span class='ocrx_word' id='word_1_40' title='bbox 677 901 994 978; x_wconf 77' lang='lat' dir='ltr'><strong>metimur,</strong></span> <span class='ocrx_word' id='word_1_41' title='bbox 1037 909 1114 964; x_wconf 89' lang='lat' dir='ltr'><strong>ut</strong></span> <span class='ocrx_word' id='word_1_42' title='bbox 1153 901 1478 984; x_wconf 77' lang='lat' dir='ltr'><strong>possimus</strong></span> <span class='ocrx_word' id='word_1_43' title='bbox 1519 900 1737 964; x_wconf 86' lang='lat' dir='ltr'><strong>dicere</strong></span> <span class='ocrx_word' id='word_1_44' title='bbox 1780 899 2055 984; x_wconf 87' lang='lat' dir='ltr'><strong>duplum</strong></span> <span class='ocrx_word' id='word_1_45' title='bbox 2097 921 2241 964; x_wconf 83' lang='lat' dir='ltr'><strong>esse</strong></span> <span class='ocrx_word' id='word_1_46' title='bbox 2282 901 2409 964; x_wconf 87' lang='lat' dir='ltr'><strong>hoc</strong></span> <span class='ocrx_word' id='word_1_47' title='bbox 2452 900 2777 983; x_wconf 86' lang='lat' dir='ltr'><strong>temporis</strong></span> <span class='ocrx_word' id='word_1_48' title='bbox 2823 898 2913 962; x_wconf 86' lang='lat' dir='ltr'><strong>ad</strong></span> 
     </span>
     <span class='ocr_line' id='line_1_8' title="bbox 436 981 2915 1094; baseline -0.002 -29"><span class='ocrx_word' id='word_1_49' title='bbox 436 981 663 1094; x_wconf 47' lang='lat' dir='ltr'><strong>{2¹:2³¹}oe-</strong></span> <span class='ocrx_word' id='word_1_50' title='bbox 677 1000 841 1065; x_wconf 87' lang='lat' dir='ltr'><strong>illud</strong></span> <span class='ocrx_word' id='word_1_51' title='bbox 869 1001 1194 1084; x_wconf 81' lang='lat' dir='ltr'><strong>simplum,</strong></span> <span class='ocrx_word' id='word_1_52' title='bbox 1223 1009 1336 1064; x_wconf 83' lang='lat' dir='ltr'><strong>aut</strong></span> <span class='ocrx_word' id='word_1_53' title='bbox 1361 1008 1613 1066; x_wconf 83' lang='lat' dir='ltr'><strong>tantum</strong></span> <span class='ocrx_word' id='word_1_54' title='bbox 1638 1001 1769 1064; x_wconf 88' lang='lat' dir='ltr'><strong>hoc</strong></span> <span class='ocrx_word' id='word_1_55' title='bbox 1799 1010 2109 1085; x_wconf 74' lang='lat' dir='ltr'><strong>quantum</strong></span> <span class='ocrx_word' id='word_1_56' title='bbox 2138 1000 2322 1079; x_wconf 83' lang='lat' dir='ltr'><strong>illud,</strong></span> <span class='ocrx_word' id='word_1_57' title='bbox 2350 1010 2419 1066; x_wconf 89' lang='lat' dir='ltr'><strong>et</strong></span> <span class='ocrx_word' id='word_1_58' title='bbox 2444 1001 2499 1064; x_wconf 81' lang='lat' dir='ltr'><strong>si</strong></span> <span class='ocrx_word' id='word_1_59' title='bbox 2532 1001 2695 1084; x_wconf 86' lang='lat' dir='ltr'><strong>quid</strong></span> <span class='ocrx_word' id='word_1_60' title='bbox 2726 997 2915 1063; x_wconf 83' lang='lat' dir='ltr'><strong>aliud</strong></span> 
     </span>
     <span class='ocr_line' id='line_1_9' title="bbox 439 1101 2912 1186; baseline -0.002 -19"><span class='ocrx_word' id='word_1_61' title='bbox 439 1109 536 1158; x_wconf 72' lang='lat' dir='ltr'><strong>tiri.</strong></span> <span class='ocrx_word' id='word_1_62' title='bbox 679 1101 761 1167; x_wconf 87' lang='lat' dir='ltr'><strong>de</strong></span> <span class='ocrx_word' id='word_1_63' title='bbox 788 1103 1080 1186; x_wconf 79' lang='lat' dir='ltr'><strong>partibus</strong></span> <span class='ocrx_word' id='word_1_64' title='bbox 1122 1109 1482 1186; x_wconf 84' lang='lat' dir='ltr'><strong>temporum</strong></span> <span class='ocrx_word' id='word_1_65' title='bbox 1509 1123 1857 1185; x_wconf 78' lang='lat' dir='ltr'><strong>possumus</strong></span> <span class='ocrx_word' id='word_1_66' title='bbox 1896 1102 2261 1166; x_wconf 82' lang='lat' dir='ltr'><strong>renuntiare</strong></span> <span class='ocrx_word' id='word_1_67' title='bbox 2286 1101 2634 1165; x_wconf 86' lang='lat' dir='ltr'><strong>metiendo.</strong></span> <span class='ocrx_word' id='word_1_68' title='bbox 2726 1103 2912 1173; x_wconf 84' lang='lat' dir='ltr'><strong>Quo-</strong></span> 
     </span>
     <span class='ocr_line' id='line_1_10' title="bbox 677 1201 2912 1286; baseline -0.001 -19"><span class='ocrx_word' id='word_1_69' title='bbox 677 1203 880 1281; x_wconf 69' lang='lat' dir='ltr'><strong>circa,</strong></span> <span class='ocrx_word' id='word_1_70' title='bbox 899 1210 974 1266; x_wconf 92' lang='lat' dir='ltr'><strong>ut</strong></span> <span class='ocrx_word' id='word_1_71' title='bbox 999 1201 1318 1280; x_wconf 82' lang='lat' dir='ltr'><strong>dicebam,</strong></span> <span class='ocrx_word' id='word_1_72' title='bbox 1346 1201 1797 1286; x_wconf 78' lang='lat' dir='ltr'><strong>praetereuntia</strong></span> <span class='ocrx_word' id='word_1_73' title='bbox 1820 1202 2121 1266; x_wconf 83' lang='lat' dir='ltr'><strong>metimur</strong></span> <span class='ocrx_word' id='word_1_74' title='bbox 2145 1210 2455 1285; x_wconf 87' lang='lat' dir='ltr'><strong>tempora.</strong></span> <span class='ocrx_word' id='word_1_75' title='bbox 2544 1203 2642 1267; x_wconf 88' lang='lat' dir='ltr'><strong>Et</strong></span> <span class='ocrx_word' id='word_1_76' title='bbox 2666 1201 2727 1265; x_wconf 87' lang='lat' dir='ltr'><strong>si</strong></span> <span class='ocrx_word' id='word_1_77' title='bbox 2758 1201 2912 1284; x_wconf 81' lang='lat' dir='ltr'><strong>quis</strong></span> 
     </span>
     <span class='ocr_line' id='line_1_11' title="bbox 675 1295 2996 1389; baseline -0.002 -19"><span class='ocrx_word' id='word_1_78' title='bbox 675 1307 838 1370; x_wconf 81' lang='lat' dir='ltr'><strong>mihi</strong></span> <span class='ocrx_word' id='word_1_79' title='bbox 867 1306 1060 1380; x_wconf 83' lang='lat' dir='ltr'><strong>dicat,</strong></span> <span class='ocrx_word' id='word_1_80' title='bbox 1089 1307 1132 1342; x_wconf 90' lang='lat'><strong><em>“</em></strong></span> <span class='ocrx_word' id='word_1_81' title='bbox 1165 1305 1360 1370; x_wconf 85' lang='lat' dir='ltr'><strong>Unde</strong></span> <span class='ocrx_word' id='word_1_82' title='bbox 1391 1305 1522 1369; x_wconf 83' lang='lat' dir='ltr'><strong>scis</strong></span> <span class='ocrx_word' id='word_1_83' title='bbox 1537 1304 1603 1369; x_wconf 83' lang='lat'><strong>?”</strong></span> <span class='ocrx_word' id='word_1_84' title='bbox 1642 1303 2089 1388; x_wconf 81' lang='lat' dir='ltr'><strong>respondeam,</strong></span> <span class='ocrx_word' id='word_1_85' title='bbox 2118 1305 2163 1339; x_wconf 93' lang='lat'><strong>“</strong></span> <span class='ocrx_word' id='word_1_86' title='bbox 2192 1305 2345 1369; x_wconf 91' lang='lat' dir='ltr'><strong>Scio</strong></span> <span class='ocrx_word' id='word_1_87' title='bbox 2382 1305 2542 1389; x_wconf 81' lang='lat' dir='ltr'><strong>quia</strong></span> <span class='ocrx_word' id='word_1_88' title='bbox 2577 1305 2908 1379; x_wconf 84' lang='lat' dir='ltr'>metimur,</span> <span class='ocrx_word' id='word_1_89' title='bbox 2995 1295 2996 1308; x_wconf 49' lang='lat'>¹</span> 
     </span>
     <span class='ocr_line' id='line_1_12' title="bbox 675 1405 2907 1490; baseline -0.002 -18"><span class='ocrx_word' id='word_1_90' title='bbox 675 1429 798 1473; x_wconf 87' lang='lat' dir='ltr'><strong>nec</strong></span> <span class='ocrx_word' id='word_1_91' title='bbox 827 1407 1038 1471; x_wconf 87' lang='lat' dir='ltr'><strong>metiri</strong></span> <span class='ocrx_word' id='word_1_92' title='bbox 1063 1427 1212 1490; x_wconf 78' lang='lat' dir='ltr'><strong>quae</strong></span> <span class='ocrx_word' id='word_1_93' title='bbox 1239 1426 1373 1469; x_wconf 86' lang='lat' dir='ltr'><strong>non</strong></span> <span class='ocrx_word' id='word_1_94' title='bbox 1403 1412 1555 1468; x_wconf 83' lang='lat' dir='ltr'><strong>sunt</strong></span> <span class='ocrx_word' id='word_1_95' title='bbox 1586 1425 1955 1487; x_wconf 70' lang='lat' dir='ltr'><strong>possumu8‚</strong></span> <span class='ocrx_word' id='word_1_96' title='bbox 1984 1413 2053 1468; x_wconf 86' lang='lat' dir='ltr'><strong>et</strong></span> <span class='ocrx_word' id='word_1_97' title='bbox 2086 1425 2221 1468; x_wconf 89' lang='lat' dir='ltr'><strong>non</strong></span> <span class='ocrx_word' id='word_1_98' title='bbox 2262 1414 2414 1468; x_wconf 83' lang='lat' dir='ltr'><strong>sunt</strong></span> <span class='ocrx_word' id='word_1_99' title='bbox 2444 1405 2777 1488; x_wconf 78' lang='lat' dir='ltr'><strong>praeterita</strong></span> <span class='ocrx_word' id='word_1_100' title='bbox 2804 1406 2907 1467; x_wconf 86' lang='lat' dir='ltr'><strong>vel</strong></span> 
     </span>
     <span class='ocr_line' id='line_1_13' title="bbox 675 1504 2912 1590; baseline -0.003 -18"><span class='ocrx_word' id='word_1_101' title='bbox 675 1509 904 1572; x_wconf 84' lang='lat' dir='ltr'><strong>futura.</strong></span> <span class='ocrx_word' id='word_1_102' title='bbox 987 1509 1280 1571; x_wconf 73' lang='lat' dir='ltr'><strong>Praesens</strong></span> <span class='ocrx_word' id='word_1_103' title='bbox 1313 1526 1457 1570; x_wconf 76' lang='lat' dir='ltr'><strong>vero</strong></span> <span class='ocrx_word' id='word_1_104' title='bbox 1487 1513 1743 1590; x_wconf 84' lang='lat' dir='ltr'><strong>tempus</strong></span> <span class='ocrx_word' id='word_1_105' title='bbox 1774 1505 2098 1590; x_wconf 91' lang='lat' dir='ltr'><strong>quomodo</strong></span> <span class='ocrx_word' id='word_1_106' title='bbox 2126 1505 2447 1581; x_wconf 83' lang='lat' dir='ltr'><strong>metimur,</strong></span> <span class='ocrx_word' id='word_1_107' title='bbox 2476 1504 2745 1588; x_wconf 87' lang='lat' dir='ltr'><strong>quando</strong></span> <span class='ocrx_word' id='word_1_108' title='bbox 2774 1526 2912 1566; x_wconf 87' lang='lat' dir='ltr'><strong>non</strong></span> 
     </span>
     <span class='ocr_line' id='line_1_14' title="bbox 675 1606 2909 1692; baseline -0.003 -18"><span class='ocrx_word' id='word_1_109' title='bbox 675 1611 874 1674; x_wconf 83' lang='lat' dir='ltr'><strong>habet</strong></span> <span class='ocrx_word' id='word_1_110' title='bbox 899 1607 1220 1692; x_wconf 86' lang='lat' dir='ltr'><strong>spatium?</strong></span> <span class='ocrx_word' id='word_1_111' title='bbox 1269 1607 1543 1670; x_wconf 80' lang='lat' dir='ltr'><strong>Metitur</strong></span> <span class='ocrx_word' id='word_1_112' title='bbox 1584 1627 1739 1688; x_wconf 80' lang='lat' dir='ltr'><strong>ergo</strong></span> <span class='ocrx_word' id='word_1_113' title='bbox 1770 1628 1918 1670; x_wconf 87' lang='lat' dir='ltr'><strong>cum</strong></span> <span class='ocrx_word' id='word_1_114' title='bbox 1961 1606 2263 1691; x_wconf 80' lang='lat' dir='ltr'><strong>praeterit,</strong></span> <span class='ocrx_word' id='word_1_115' title='bbox 2294 1629 2443 1671; x_wconf 90' lang='lat' dir='ltr'><strong>cum</strong></span> <span class='ocrx_word' id='word_1_116' title='bbox 2486 1613 2707 1670; x_wconf 83' lang='lat' dir='ltr'><strong>autem</strong></span> <span class='ocrx_word' id='word_1_117' title='bbox 2736 1626 2909 1689; x_wconf 82' lang='lat' dir='ltr'><strong>prae-</strong></span> 
     </span>
     <span class='ocr_line' id='line_1_15' title="bbox 675 1705 2908 1790; baseline -0.003 -16"><span class='ocrx_word' id='word_1_118' title='bbox 675 1711 936 1786; x_wconf 89' lang='lat' dir='ltr'><strong>terierit‚</strong></span> <span class='ocrx_word' id='word_1_119' title='bbox 977 1729 1112 1772; x_wconf 90' lang='lat' dir='ltr'><strong>non</strong></span> <span class='ocrx_word' id='word_1_120' title='bbox 1156 1705 1498 1783; x_wconf 73' lang='lat' dir='ltr'><strong>metitur’3</strong></span> <span class='ocrx_word' id='word_1_121' title='bbox 1573 1707 1733 1790; x_wconf 90' lang='lat' dir='ltr'><strong>quid</strong></span> <span class='ocrx_word' id='word_1_122' title='bbox 1776 1707 1949 1770; x_wconf 82' lang='lat' dir='ltr'><strong>enim</strong></span> <span class='ocrx_word' id='word_1_123' title='bbox 1992 1708 2310 1785; x_wconf 88' lang='lat' dir='ltr'><strong>metiatur,</strong></span> <span class='ocrx_word' id='word_1_124' title='bbox 2354 1728 2489 1770; x_wconf 91' lang='lat' dir='ltr'><strong>non</strong></span> <span class='ocrx_word' id='word_1_125' title='bbox 2532 1708 2675 1770; x_wconf 83' lang='lat' dir='ltr'><strong>erit.</strong></span> <span class='ocrx_word' id='word_1_126' title='bbox 2774 1707 2908 1770; x_wconf 89' lang='lat' dir='ltr'><strong>Sed</strong></span> 
     </span>
     <span class='ocr_line' id='line_1_16' title="bbox 677 1807 2907 1893; baseline -0.002 -19"><span class='ocrx_word' id='word_1_127' title='bbox 677 1810 848 1874; x_wconf 86' lang='lat' dir='ltr'><strong>unde</strong></span> <span class='ocrx_word' id='word_1_128' title='bbox 878 1817 944 1874; x_wconf 87' lang='lat' dir='ltr'><strong>et</strong></span> <span class='ocrx_word' id='word_1_129' title='bbox 969 1831 1102 1893; x_wconf 90' lang='lat' dir='ltr'><strong>qua</strong></span> <span class='ocrx_word' id='word_1_130' title='bbox 1131 1817 1198 1872; x_wconf 87' lang='lat' dir='ltr'><strong>et</strong></span> <span class='ocrx_word' id='word_1_131' title='bbox 1227 1829 1356 1892; x_wconf 91' lang='lat' dir='ltr'><strong>quo</strong></span> <span class='ocrx_word' id='word_1_132' title='bbox 1383 1807 1686 1890; x_wconf 83' lang='lat' dir='ltr'><strong>praeterit,</strong></span> <span class='ocrx_word' id='word_1_133' title='bbox 1716 1830 1864 1872; x_wconf 89' lang='lat' dir='ltr'><strong>cum</strong></span> <span class='ocrx_word' id='word_1_134' title='bbox 1894 1807 2197 1872; x_wconf 80' lang='lat' dir='ltr'><strong>metitur?</strong></span> <span class='ocrx_word' id='word_1_135' title='bbox 2275 1808 2491 1886; x_wconf 84' lang='lat' dir='ltr'><strong>Unde,</strong></span> <span class='ocrx_word' id='word_1_136' title='bbox 2520 1807 2651 1870; x_wconf 85' lang='lat' dir='ltr'><strong>nisi</strong></span> <span class='ocrx_word' id='word_1_137' title='bbox 2688 1829 2782 1870; x_wconf 82' lang='lat' dir='ltr'><strong>ex</strong></span> <span class='ocrx_word' id='word_1_138' title='bbox 2810 1807 2907 1869; x_wconf 82' lang='lat' dir='ltr'><strong>fu-</strong></span> 
     </span>
     <span class='ocr_line' id='line_1_17' title="bbox 678 1908 2996 1995; baseline -0.003 -19"><span class='ocrx_word' id='word_1_139' title='bbox 678 1911 858 1976; x_wconf 86' lang='lat' dir='ltr'><strong>turo?</strong></span> <span class='ocrx_word' id='word_1_140' title='bbox 923 1933 1075 1995; x_wconf 88' lang='lat' dir='ltr'><strong>qua,</strong></span> <span class='ocrx_word' id='word_1_141' title='bbox 1115 1910 1241 1972; x_wconf 81' lang='lat' dir='ltr'><strong>nisi</strong></span> <span class='ocrx_word' id='word_1_142' title='bbox 1285 1930 1402 1992; x_wconf 90' lang='lat' dir='ltr'><strong>per</strong></span> <span class='ocrx_word' id='word_1_143' title='bbox 1448 1909 1771 1992; x_wconf 73' lang='lat' dir='ltr'><strong>praesens?</strong></span> <span class='ocrx_word' id='word_1_144' title='bbox 1818 1931 1971 1994; x_wconf 87' lang='lat' dir='ltr'><strong>qu0,</strong></span> <span class='ocrx_word' id='word_1_145' title='bbox 2007 1910 2137 1973; x_wconf 83' lang='lat' dir='ltr'><strong>nisi</strong></span> <span class='ocrx_word' id='word_1_146' title='bbox 2174 1909 2245 1972; x_wconf 87' lang='lat' dir='ltr'><strong>in</strong></span> <span class='ocrx_word' id='word_1_147' title='bbox 2285 1908 2723 1992; x_wconf 83' lang='lat' dir='ltr'><strong>praeteritum?</strong></span> <span class='ocrx_word' id='word_1_148' title='bbox 2795 1910 2908 1970; x_wconf 82' lang='lat' dir='ltr'><strong>Ex</strong></span> <span class='ocrx_word' id='word_1_149' title='bbox 2995 1955 2996 1970; x_wconf 40' lang='lat'>1</span> 
     </span>
     <span class='ocr_line' id='line_1_18' title="bbox 674 2008 2911 2095; baseline -0.003 -19"><span class='ocrx_word' id='word_1_150' title='bbox 674 2015 792 2076; x_wconf 84' lang='lat' dir='ltr'><strong>illo</strong></span> <span class='ocrx_word' id='word_1_151' title='bbox 831 2033 986 2092; x_wconf 84' lang='lat' dir='ltr'><strong>ergo</strong></span> <span class='ocrx_word' id='word_1_152' title='bbox 1029 2009 1208 2095; x_wconf 87' lang='lat' dir='ltr'><strong>quod</strong></span> <span class='ocrx_word' id='word_1_153' title='bbox 1247 2008 1535 2074; x_wconf 88' lang='lat' dir='ltr'><strong>nondum</strong></span> <span class='ocrx_word' id='word_1_154' title='bbox 1570 2018 1687 2087; x_wconf 84' lang='lat' dir='ltr'><strong>est,</strong></span> <span class='ocrx_word' id='word_1_155' title='bbox 1723 2031 1839 2094; x_wconf 91' lang='lat' dir='ltr'><strong>per</strong></span> <span class='ocrx_word' id='word_1_156' title='bbox 1881 2008 2046 2074; x_wconf 90' lang='lat' dir='ltr'><strong>illud</strong></span> <span class='ocrx_word' id='word_1_157' title='bbox 2096 2008 2274 2094; x_wconf 90' lang='lat' dir='ltr'><strong>quod</strong></span> <span class='ocrx_word' id='word_1_158' title='bbox 2320 2011 2533 2094; x_wconf 86' lang='lat' dir='ltr'><strong>spatio</strong></span> <span class='ocrx_word' id='word_1_159' title='bbox 2584 2018 2793 2085; x_wconf 85' lang='lat' dir='ltr'><strong>caret,</strong></span> <span class='ocrx_word' id='word_1_160' title='bbox 2838 2009 2911 2070; x_wconf 89' lang='lat' dir='ltr'><strong>in</strong></span> 
     </span>
     <span class='ocr_line' id='line_1_19' title="bbox 673 2111 2908 2197; baseline -0.003 -17"><span class='ocrx_word' id='word_1_161' title='bbox 673 2115 838 2180; x_wconf 81' lang='lat' dir='ltr'><strong>iliud</strong></span> <span class='ocrx_word' id='word_1_162' title='bbox 867 2111 1042 2197; x_wconf 89' lang='lat' dir='ltr'><strong>quod</strong></span> <span class='ocrx_word' id='word_1_163' title='bbox 1062 2113 1200 2197; x_wconf 86' lang='lat' dir='ltr'><strong>jam</strong></span> <span class='ocrx_word' id='word_1_164' title='bbox 1225 2132 1360 2175; x_wconf 89' lang='lat' dir='ltr'><strong>non</strong></span> <span class='ocrx_word' id='word_1_165' title='bbox 1389 2120 1504 2176; x_wconf 87' lang='lat' dir='ltr'><strong>est.</strong></span> <span class='ocrx_word' id='word_1_166' title='bbox 1598 2113 1775 2185; x_wconf 87' lang='lat' dir='ltr'><strong>Quid</strong></span> <span class='ocrx_word' id='word_1_167' title='bbox 1803 2122 2015 2177; x_wconf 81' lang='lat' dir='ltr'><strong>autem</strong></span> <span class='ocrx_word' id='word_1_168' title='bbox 2045 2115 2364 2191; x_wconf 89' lang='lat' dir='ltr'><strong>metimur,</strong></span> <span class='ocrx_word' id='word_1_169' title='bbox 2385 2115 2516 2177; x_wconf 85' lang='lat' dir='ltr'><strong>nisi</strong></span> <span class='ocrx_word' id='word_1_170' title='bbox 2544 2123 2811 2196; x_wconf 79' lang='lat' dir='ltr'><strong>tempus</strong></span> <span class='ocrx_word' id='word_1_171' title='bbox 2838 2113 2908 2174; x_wconf 87' lang='lat' dir='ltr'><strong>in</strong></span> 
     </span>
     <span class='ocr_line' id='line_1_20' title="bbox 675 2210 2907 2300; baseline -0.002 -20"><span class='ocrx_word' id='word_1_172' title='bbox 675 2217 894 2300; x_wconf 81' lang='lat' dir='ltr'><strong>aliquo</strong></span> <span class='ocrx_word' id='word_1_173' title='bbox 923 2211 1174 2295; x_wconf 79' lang='lat' dir='ltr'><strong>spatio?</strong></span> <span class='ocrx_word' id='word_1_174' title='bbox 1222 2214 1454 2296; x_wconf 88' lang='lat' dir='ltr'><strong>Neque</strong></span> <span class='ocrx_word' id='word_1_175' title='bbox 1471 2214 1646 2277; x_wconf 86' lang='lat' dir='ltr'><strong>enim</strong></span> <span class='ocrx_word' id='word_1_176' title='bbox 1668 2210 1945 2278; x_wconf 83' lang='lat' dir='ltr'><strong>dicimus</strong></span> <span class='ocrx_word' id='word_1_177' title='bbox 1976 2215 2227 2298; x_wconf 84' lang='lat' dir='ltr'><strong>simpla,</strong></span> <span class='ocrx_word' id='word_1_178' title='bbox 2250 2224 2316 2279; x_wconf 89' lang='lat' dir='ltr'><strong>et</strong></span> <span class='ocrx_word' id='word_1_179' title='bbox 2345 2215 2567 2299; x_wconf 87' lang='lat' dir='ltr'><strong>dupla,</strong></span> <span class='ocrx_word' id='word_1_180' title='bbox 2584 2223 2657 2277; x_wconf 90' lang='lat' dir='ltr'><strong>et.</strong></span> <span class='ocrx_word' id='word_1_181' title='bbox 2684 2214 2907 2297; x_wconf 87' lang='lat' dir='ltr'><strong>tripla,</strong></span> 
     </span>
     <span class='ocr_line' id='line_1_21' title="bbox 673 2312 2903 2401; baseline -0.003 -19"><span class='ocrx_word' id='word_1_182' title='bbox 673 2327 744 2382; x_wconf 86' lang='lat' dir='ltr'><strong>et</strong></span> <span class='ocrx_word' id='word_1_183' title='bbox 785 2315 1084 2401; x_wconf 61' lang='lat' dir='ltr'><strong>aequalia,</strong></span> <span class='ocrx_word' id='word_1_184' title='bbox 1119 2322 1188 2378; x_wconf 88' lang='lat' dir='ltr'><strong>et</strong></span> <span class='ocrx_word' id='word_1_185' title='bbox 1235 2313 1292 2376; x_wconf 84' lang='lat' dir='ltr'><strong>si</strong></span> <span class='ocrx_word' id='word_1_186' title='bbox 1339 2312 1499 2397; x_wconf 87' lang='lat' dir='ltr'><strong>quid</strong></span> <span class='ocrx_word' id='word_1_187' title='bbox 1544 2313 1669 2378; x_wconf 88' lang='lat' dir='ltr'><strong>hoc</strong></span> <span class='ocrx_word' id='word_1_188' title='bbox 1716 2314 1910 2378; x_wconf 85' lang='lat' dir='ltr'><strong>modo</strong></span> <span class='ocrx_word' id='word_1_189' title='bbox 1956 2315 2027 2377; x_wconf 89' lang='lat' dir='ltr'><strong>in</strong></span> <span class='ocrx_word' id='word_1_190' title='bbox 2074 2324 2361 2399; x_wconf 87' lang='lat' dir='ltr'><strong>tempore</strong></span> <span class='ocrx_word' id='word_1_191' title='bbox 2412 2315 2717 2394; x_wconf 79' lang='lat' dir='ltr'><strong>dicimus,</strong></span> <span class='ocrx_word' id='word_1_192' title='bbox 2772 2315 2903 2377; x_wconf 84' lang='lat' dir='ltr'><strong>nisi</strong></span> 
     </span>
     <span class='ocr_line' id='line_1_22' title="bbox 677 2415 2905 2503; baseline -0.002 -20"><span class='ocrx_word' id='word_1_193' title='bbox 677 2418 888 2503; x_wconf 85' lang='lat' dir='ltr'><strong>spatia</strong></span> <span class='ocrx_word' id='word_1_194' title='bbox 928 2425 1302 2498; x_wconf 90' lang='lat' dir='ltr'><strong>temporum.</strong></span> <span class='ocrx_word' id='word_1_195' title='bbox 1393 2415 1476 2476; x_wconf 90' lang='lat' dir='ltr'><strong>In</strong></span> <span class='ocrx_word' id='word_1_196' title='bbox 1507 2435 1637 2498; x_wconf 92' lang='lat' dir='ltr'><strong>quo</strong></span> <span class='ocrx_word' id='word_1_197' title='bbox 1680 2435 1832 2495; x_wconf 86' lang='lat' dir='ltr'><strong>ergo</strong></span> <span class='ocrx_word' id='word_1_198' title='bbox 1864 2415 2076 2498; x_wconf 83' lang='lat' dir='ltr'><strong>spatio</strong></span> <span class='ocrx_word' id='word_1_199' title='bbox 2108 2418 2408 2480; x_wconf 75' lang='lat' dir='ltr'><strong>metimur</strong></span> <span class='ocrx_word' id='word_1_200' title='bbox 2449 2425 2712 2500; x_wconf 83' lang='lat' dir='ltr'><strong>tempus</strong></span> <span class='ocrx_word' id='word_1_201' title='bbox 2742 2435 2905 2498; x_wconf 84' lang='lat' dir='ltr'><strong>prae-</strong></span> 
     </span>
     <span class='ocr_line' id='line_1_23' title="bbox 675 2503 2909 2602; baseline -0.002 -19"><span class='ocrx_word' id='word_1_202' title='bbox 675 2517 950 2583; x_wconf 84' lang='lat' dir='ltr'><strong>teriens?</strong></span> <span class='ocrx_word' id='word_1_203' title='bbox 1000 2520 1234 2582; x_wconf 88' lang='lat' dir='ltr'><strong>Utrum</strong></span> <span class='ocrx_word' id='word_1_204' title='bbox 1269 2514 1340 2578; x_wconf 85' lang='lat' dir='ltr'><strong>in</strong></span> <span class='ocrx_word' id='word_1_205' title='bbox 1377 2517 1613 2595; x_wconf 77' lang='lat' dir='ltr'><strong>fiituro,</strong></span> <span class='ocrx_word' id='word_1_206' title='bbox 1638 2503 1815 2580; x_wconf 77' lang='lat' dir='ltr'><strong>&#39;unde</strong></span> <span class='ocrx_word' id='word_1_207' title='bbox 1857 2517 2176 2600; x_wconf 72' lang='lat' dir='ltr'><strong>praeoerit?</strong></span> <span class='ocrx_word' id='word_1_208' title='bbox 2226 2519 2357 2582; x_wconf 86' lang='lat' dir='ltr'><strong>Sed</strong></span> <span class='ocrx_word' id='word_1_209' title='bbox 2398 2517 2579 2602; x_wconf 91' lang='lat' dir='ltr'><strong>quod</strong></span> <span class='ocrx_word' id='word_1_210' title='bbox 2610 2517 2909 2581; x_wconf 88' lang='lat' dir='ltr'><strong>nondum</strong></span> 
     </span>
     <span class='ocr_line' id='line_1_24' title="bbox 677 2616 2907 2702; baseline -0.001 -18"><span class='ocrx_word' id='word_1_211' title='bbox 677 2628 800 2700; x_wconf 78' lang='lat' dir='ltr'><strong>est,</strong></span> <span class='ocrx_word' id='word_1_212' title='bbox 823 2641 958 2684; x_wconf 88' lang='lat' dir='ltr'><strong>non</strong></span> <span class='ocrx_word' id='word_1_213' title='bbox 985 2619 1300 2682; x_wconf 84' lang='lat' dir='ltr'><strong>metimur.</strong></span> <span class='ocrx_word' id='word_1_214' title='bbox 1388 2619 1494 2678; x_wconf 90' lang='lat' dir='ltr'><strong>An</strong></span> <span class='ocrx_word' id='word_1_215' title='bbox 1516 2616 1592 2679; x_wconf 89' lang='lat' dir='ltr'><strong>in</strong></span> <span class='ocrx_word' id='word_1_216' title='bbox 1611 2619 1931 2700; x_wconf 80' lang='lat' dir='ltr'><strong>praesenti,</strong></span> <span class='ocrx_word' id='word_1_217' title='bbox 1962 2641 2093 2702; x_wconf 88' lang='lat' dir='ltr'><strong>qua</strong></span> <span class='ocrx_word' id='word_1_218' title='bbox 2118 2619 2437 2702; x_wconf 68' lang='lat' dir='ltr'><strong>praeterit?</strong></span> <span class='ocrx_word' id='word_1_219' title='bbox 2487 2619 2624 2684; x_wconf 87' lang='lat' dir='ltr'><strong>Sed</strong></span> <span class='ocrx_word' id='word_1_220' title='bbox 2653 2620 2907 2681; x_wconf 84' lang='lat' dir='ltr'><strong>nullum</strong></span> 
     </span>
     <span class='ocr_line' id='line_1_25' title="bbox 681 2715 2996 2805; baseline -0.001 -20"><span class='ocrx_word' id='word_1_221' title='bbox 681 2721 962 2804; x_wconf 85' lang='lat' dir='ltr'><strong>spatium</strong></span> <span class='ocrx_word' id='word_1_222' title='bbox 997 2741 1132 2782; x_wconf 90' lang='lat' dir='ltr'><strong>non</strong></span> <span class='ocrx_word' id='word_1_223' title='bbox 1173 2719 1486 2782; x_wconf 87' lang='lat' dir='ltr'><strong>metimur.</strong></span> <span class='ocrx_word' id='word_1_224' title='bbox 1577 2719 1680 2781; x_wconf 84' lang='lat' dir='ltr'><strong>An</strong></span> <span class='ocrx_word' id='word_1_225' title='bbox 1720 2719 1791 2780; x_wconf 91' lang='lat' dir='ltr'><strong>in</strong></span> <span class='ocrx_word' id='word_1_226' title='bbox 1830 2719 2175 2802; x_wconf 81' lang='lat' dir='ltr'><strong>praeterito,</strong></span> <span class='ocrx_word' id='word_1_227' title='bbox 2214 2742 2345 2804; x_wconf 90' lang='lat' dir='ltr'><strong>quo</strong></span> <span class='ocrx_word' id='word_1_228' title='bbox 2388 2718 2714 2805; x_wconf 63' lang='lat' dir='ltr'><strong>praeterit?</strong></span> <span class='ocrx_word' id='word_1_229' title='bbox 2776 2718 2909 2782; x_wconf 90' lang='lat' dir='ltr'><strong>Sed</strong></span> <span class='ocrx_word' id='word_1_230' title='bbox 2995 2715 2996 2718; x_wconf 51' lang='lat'>&#39;</span> 
     </span>
     <span class='ocr_line' id='line_1_26' title="bbox 685 2819 1837 2907; baseline -0.003 -22"><span class='ocrx_word' id='word_1_231' title='bbox 685 2821 862 2907; x_wconf 88' lang='lat' dir='ltr'><strong>quod</strong></span> <span class='ocrx_word' id='word_1_232' title='bbox 879 2821 1018 2907; x_wconf 85' lang='lat' dir='ltr'><strong>jam</strong></span> <span class='ocrx_word' id='word_1_233' title='bbox 1045 2841 1180 2884; x_wconf 85' lang='lat' dir='ltr'><strong>non</strong></span> <span class='ocrx_word' id='word_1_234' title='bbox 1209 2829 1327 2898; x_wconf 81' lang='lat' dir='ltr'><strong>est,</strong></span> <span class='ocrx_word' id='word_1_235' title='bbox 1354 2840 1490 2882; x_wconf 85' lang='lat' dir='ltr'><strong>uon</strong></span> <span class='ocrx_word' id='word_1_236' title='bbox 1517 2819 1837 2882; x_wconf 83' lang='lat' dir='ltr'><strong>metimur.</strong></span> 
     </span>
     <span class='ocr_line' id='line_1_27' title="bbox 467 2921 2906 3006; baseline -0.002 -18"><span class='ocrx_word' id='word_1_237' title='bbox 467 2940 642 2988; x_wconf 85' lang='lat' dir='ltr'><strong>xxn.</strong></span> <span class='ocrx_word' id='word_1_238' title='bbox 769 2927 874 2986; x_wconf 78' lang='lat'><strong>28.</strong></span> <span class='ocrx_word' id='word_1_239' title='bbox 919 2921 1188 2986; x_wconf 79' lang='lat' dir='ltr'><strong>Exarsit</strong></span> <span class='ocrx_word' id='word_1_240' title='bbox 1253 2921 1506 2984; x_wconf 83' lang='lat' dir='ltr'><strong>animus</strong></span> <span class='ocrx_word' id='word_1_241' title='bbox 1562 2941 1745 2984; x_wconf 90' lang='lat' dir='ltr'><strong>meus</strong></span> <span class='ocrx_word' id='word_1_242' title='bbox 1811 2941 2002 2984; x_wconf 85' lang='lat' dir='ltr'><strong>nosse</strong></span> <span class='ocrx_word' id='word_1_243' title='bbox 2060 2922 2238 2986; x_wconf 87' lang='lat' dir='ltr'><strong>istud</strong></span> <span class='ocrx_word' id='word_1_244' title='bbox 2307 2921 2906 3006; x_wconf 84' lang='lat' dir='ltr'><strong>implicatissimum</strong></span> 
     </span>
     <span class='ocr_line' id='line_1_28' title="bbox 446 3004 2911 3106; baseline -0.002 -17"><span class='ocrx_word' id='word_1_245' title='bbox 446 3004 579 3054; x_wconf 50' lang='lat' dir='ltr'><strong>¹³⁸st</strong></span> <span class='ocrx_word' id='word_1_246' title='bbox 685 3025 978 3106; x_wconf 61' lang='lat' dir='ltr'><strong>aenigma.</strong></span> <span class='ocrx_word' id='word_1_247' title='bbox 1070 3023 1228 3086; x_wconf 91' lang='lat' dir='ltr'><strong>Noli</strong></span> <span class='ocrx_word' id='word_1_248' title='bbox 1255 3020 1573 3100; x_wconf 80' lang='lat' dir='ltr'><strong>claudere,</strong></span> <span class='ocrx_word' id='word_1_249' title='bbox 1604 3021 1883 3086; x_wconf 91' lang='lat' dir='ltr'><strong>Domine</strong></span> <span class='ocrx_word' id='word_1_250' title='bbox 1914 3025 2097 3086; x_wconf 84' lang='lat' dir='ltr'><strong>Deus</strong></span> <span class='ocrx_word' id='word_1_251' title='bbox 2124 3045 2309 3088; x_wconf 87' lang='lat' dir='ltr'><strong>meus</strong></span> <span class='ocrx_word' id='word_1_252' title='bbox 2334 3026 2508 3088; x_wconf 90' lang='lat' dir='ltr'><strong>bone</strong></span> <span class='ocrx_word' id='word_1_253' title='bbox 2540 3024 2762 3099; x_wconf 88' lang='lat' dir='ltr'><strong>Pater,</strong></span> <span class='ocrx_word' id='word_1_254' title='bbox 2794 3045 2911 3106; x_wconf 89' lang='lat' dir='ltr'><strong>per</strong></span> 
     </span>
     <span class='ocr_line' id='line_1_29' title="bbox 445 3122 2912 3206; baseline 0 -18"><span class='ocrx_word' id='word_1_255' title='bbox 445 3133 506 3181; x_wconf 70' lang='lat' dir='ltr'><strong>tis</strong></span> <span class='ocrx_word' id='word_1_256' title='bbox 527 3133 662 3206; x_wconf 60' lang='lat' dir='ltr'><strong>istiu·</strong></span> <span class='ocrx_word' id='word_1_257' title='bbox 687 3126 1018 3190; x_wconf 82' lang='lat' dir='ltr'><strong>Christum</strong></span> <span class='ocrx_word' id='word_1_258' title='bbox 1045 3127 1334 3201; x_wconf 86' lang='lat' dir='ltr'><strong>obsecro,</strong></span> <span class='ocrx_word' id='word_1_259' title='bbox 1362 3124 1498 3186; x_wconf 87' lang='lat' dir='ltr'><strong>noli</strong></span> <span class='ocrx_word' id='word_1_260' title='bbox 1526 3122 1822 3186; x_wconf 78' lang='lat' dir='ltr'><strong>claudere</strong></span> <span class='ocrx_word' id='word_1_261' title='bbox 1866 3122 2183 3188; x_wconf 80' lang='lat' dir='ltr'><strong>desiderio</strong></span> <span class='ocrx_word' id='word_1_262' title='bbox 2210 3147 2353 3189; x_wconf 88' lang='lat' dir='ltr'><strong>meo</strong></span> <span class='ocrx_word' id='word_1_263' title='bbox 2396 3125 2546 3202; x_wconf 85' lang='lat' dir='ltr'><strong>ista,</strong></span> <span class='ocrx_word' id='word_1_264' title='bbox 2574 3132 2645 3188; x_wconf 88' lang='lat' dir='ltr'><strong>et</strong></span> <span class='ocrx_word' id='word_1_265' title='bbox 2670 3125 2912 3188; x_wconf 74' lang='lat' dir='ltr'><strong>usitata</strong></span> 
     </span>
     <span class='ocr_line' id='line_1_30' title="bbox 444 3197 2996 3309; baseline 0 -21"><span class='ocrx_word' id='word_1_266' title='bbox 444 3197 640 3309; x_wconf 46' lang='lat'><strong>3¹2²?</strong></span> <span class='ocrx_word' id='word_1_267' title='bbox 689 3233 755 3288; x_wconf 90' lang='lat' dir='ltr'><strong>et</strong></span> <span class='ocrx_word' id='word_1_268' title='bbox 795 3225 1036 3302; x_wconf 88' lang='lat' dir='ltr'><strong>abdita,</strong></span> <span class='ocrx_word' id='word_1_269' title='bbox 1079 3225 1423 3308; x_wconf 86' lang='lat' dir='ltr'><strong>quominus</strong></span> <span class='ocrx_word' id='word_1_270' title='bbox 1463 3223 1535 3286; x_wconf 91' lang='lat' dir='ltr'><strong>in</strong></span> <span class='ocrx_word' id='word_1_271' title='bbox 1573 3245 1655 3309; x_wconf 21' lang='lat' dir='ltr'><strong>*ea</strong></span> <span class='ocrx_word' id='word_1_272' title='bbox 1695 3231 2003 3306; x_wconf 85' lang='lat' dir='ltr'><strong>penetret,</strong></span> <span class='ocrx_word' id='word_1_273' title='bbox 2038 3233 2103 3288; x_wconf 88' lang='lat' dir='ltr'><strong>et</strong></span> <span class='ocrx_word' id='word_1_274' title='bbox 2140 3225 2543 3289; x_wconf 78' lang='lat' dir='ltr'><strong>dilucescant</strong></span> <span class='ocrx_word' id='word_1_275' title='bbox 2586 3227 2909 3289; x_wconf 81' lang='lat' dir='ltr'><strong>allucente</strong></span> <span class='ocrx_word' id='word_1_276' title='bbox 2995 3219 2996 3230; x_wconf 45' lang='lat'>¹</span> 
     </span>
     <span class='ocr_line' id='line_1_31' title="bbox 450 3323 2909 3408; baseline -0.002 -17"><span class='ocrx_word' id='word_1_277' title='bbox 450 3325 576 3374; x_wconf 69' lang='lat' dir='ltr'><strong>Deo.</strong></span> <span class='ocrx_word' id='word_1_278' title='bbox 687 3325 1124 3391; x_wconf 78' lang='lat' dir='ltr'><strong>misericordia</strong></span> <span class='ocrx_word' id='word_1_279' title='bbox 1171 3333 1303 3403; x_wconf 88' lang='lat' dir='ltr'><strong>tua,</strong></span> <span class='ocrx_word' id='word_1_280' title='bbox 1345 3323 1643 3388; x_wconf 87' lang='lat' dir='ltr'><strong>Domine.</strong></span> <span class='ocrx_word' id='word_1_281' title='bbox 1750 3325 1959 3397; x_wconf 89' lang='lat' dir='ltr'><strong>Quem</strong></span> <span class='ocrx_word' id='word_1_282' title='bbox 2007 3327 2475 3408; x_wconf 82' lang='lat' dir='ltr'><strong>percunctabor</strong></span> <span class='ocrx_word' id='word_1_283' title='bbox 2522 3325 2606 3389; x_wconf 84' lang='lat' dir='ltr'><strong>de</strong></span> <span class='ocrx_word' id='word_1_284' title='bbox 2651 3325 2801 3388; x_wconf 86' lang='lat' dir='ltr'><strong>his?</strong></span> <span class='ocrx_word' id='word_1_285' title='bbox 2846 3335 2909 3388; x_wconf 90' lang='lat' dir='ltr'><strong>et</strong></span> 
     </span>
     <span class='ocr_line' id='line_1_32' title="bbox 689 3415 2996 3511; baseline -0 -19"><span class='ocrx_word' id='word_1_286' title='bbox 689 3430 794 3493; x_wconf 90' lang='lat' dir='ltr'><strong>cui</strong></span> <span class='ocrx_word' id='word_1_287' title='bbox 823 3429 1212 3493; x_wconf 71' lang='lat' dir='ltr'><strong>fructuosius</strong></span> <span class='ocrx_word' id='word_1_288' title='bbox 1233 3426 1635 3492; x_wconf 74' lang='lat' dir='ltr'><strong>confitebor&#39;</strong></span> <span class='ocrx_word' id='word_1_289' title='bbox 1665 3427 2047 3511; x_wconf 85' lang='lat' dir='ltr'><strong>imperitiam</strong></span> <span class='ocrx_word' id='word_1_290' title='bbox 2076 3449 2306 3506; x_wconf 85' lang='lat' dir='ltr'><strong>meam,</strong></span> <span class='ocrx_word' id='word_1_291' title='bbox 2326 3427 2457 3490; x_wconf 85' lang='lat' dir='ltr'><strong>nisi</strong></span> <span class='ocrx_word' id='word_1_292' title='bbox 2483 3429 2607 3492; x_wconf 85' lang='lat' dir='ltr'><strong>tibi</strong></span> <span class='ocrx_word' id='word_1_293' title='bbox 2636 3429 2747 3492; x_wconf 88' lang='lat' dir='ltr'><strong>cui</strong></span> <span class='ocrx_word' id='word_1_294' title='bbox 2776 3450 2907 3491; x_wconf 88' lang='lat' dir='ltr'><strong>non</strong></span> <span class='ocrx_word' id='word_1_295' title='bbox 2995 3415 2996 3428; x_wconf 14' lang='grc' dir='ltr'>ἢ</span> 
     </span>
     <span class='ocr_line' id='line_1_33' title="bbox 685 3530 2909 3613; baseline 0 -21"><span class='ocrx_word' id='word_1_296' title='bbox 685 3539 838 3592; x_wconf 82' lang='lat' dir='ltr'><strong>sunt</strong></span> <span class='ocrx_word' id='word_1_297' title='bbox 863 3532 1134 3593; x_wconf 80' lang='lat' dir='ltr'><strong>molesta</strong></span> <span class='ocrx_word' id='word_1_298' title='bbox 1163 3530 1377 3594; x_wconf 87' lang='lat' dir='ltr'><strong>studia</strong></span> <span class='ocrx_word' id='word_1_299' title='bbox 1396 3551 1561 3604; x_wconf 86' lang='lat' dir='ltr'><strong>mea,</strong></span> <span class='ocrx_word' id='word_1_300' title='bbox 1582 3530 1974 3592; x_wconf 86' lang='lat' dir='ltr'><strong>flammantia</strong></span> <span class='ocrx_word' id='word_1_301' title='bbox 2002 3531 2411 3594; x_wconf 82' lang='lat' dir='ltr'><strong>vehementer</strong></span> <span class='ocrx_word' id='word_1_302' title='bbox 2436 3531 2509 3592; x_wconf 88' lang='lat' dir='ltr'><strong>in</strong></span> <span class='ocrx_word' id='word_1_303' title='bbox 2538 3531 2909 3613; x_wconf 81' lang='lat' dir='ltr'><strong>Scripturas</strong></span> 
     </span>
     <span class='ocr_line' id='line_1_34' title="bbox 447 3628 2908 3713; baseline 0 -21"><span class='ocrx_word' id='word_1_304' title='bbox 447 3653 574 3702; x_wconf 58' lang='lat' dir='ltr'><strong>Mat</strong></span> <span class='ocrx_word' id='word_1_305' title='bbox 602 3653 655 3712; x_wconf 84' lang='lat'><strong>7,</strong></span> <span class='ocrx_word' id='word_1_306' title='bbox 683 3628 866 3693; x_wconf 83' lang='lat' dir='ltr'><strong>tuas?</strong></span> <span class='ocrx_word' id='word_1_307' title='bbox 915 3631 1022 3693; x_wconf 86' lang='lat' dir='ltr'><strong>Da</strong></span> <span class='ocrx_word' id='word_1_308' title='bbox 1049 3629 1225 3713; x_wconf 89' lang='lat' dir='ltr'><strong>quod</strong></span> <span class='ocrx_word' id='word_1_309' title='bbox 1243 3651 1423 3692; x_wconf 88' lang='lat' dir='ltr'><strong>amo:</strong></span> <span class='ocrx_word' id='word_1_310' title='bbox 1471 3649 1617 3693; x_wconf 84' lang='lat' dir='ltr'><strong>amo</strong></span> <span class='ocrx_word' id='word_1_311' title='bbox 1648 3629 1841 3705; x_wconf 89' lang='lat' dir='ltr'><strong>enim,</strong></span> <span class='ocrx_word' id='word_1_312' title='bbox 1858 3638 1925 3692; x_wconf 89' lang='lat' dir='ltr'><strong>et</strong></span> <span class='ocrx_word' id='word_1_313' title='bbox 1950 3630 2077 3694; x_wconf 90' lang='lat' dir='ltr'><strong>hoc</strong></span> <span class='ocrx_word' id='word_1_314' title='bbox 2100 3638 2173 3693; x_wconf 92' lang='lat' dir='ltr'><strong>tu</strong></span> <span class='ocrx_word' id='word_1_315' title='bbox 2190 3629 2441 3694; x_wconf 86' lang='lat' dir='ltr'><strong>dedisti.</strong></span> <span class='ocrx_word' id='word_1_316' title='bbox 2534 3633 2663 3709; x_wconf 85' lang='lat' dir='ltr'><strong>Da,</strong></span> <span class='ocrx_word' id='word_1_317' title='bbox 2695 3633 2908 3707; x_wconf 86' lang='lat' dir='ltr'><strong>Pater,</strong></span> 
     </span>
     <span class='ocr_line' id='line_1_35' title="bbox 447 3718 2996 3844; baseline -0.001 -49"><span class='ocrx_word' id='word_1_318' title='bbox 447 3718 532 3841; x_wconf 52' lang='lat' dir='ltr'><strong>g·</strong></span> <span class='ocrx_word' id='word_1_319' title='bbox 553 3796 618 3844; x_wconf 84' lang='lat'><strong>72</strong></span> <span class='ocrx_word' id='word_1_320' title='bbox 687 3730 802 3815; x_wconf 91' lang='lat' dir='ltr'><strong>qui</strong></span> <span class='ocrx_word' id='word_1_321' title='bbox 850 3728 1041 3793; x_wconf 66' lang='lat' dir='ltr'><strong>vere*</strong></span> <span class='ocrx_word' id='word_1_322' title='bbox 1087 3732 1256 3793; x_wconf 69' lang='lat' dir='ltr'><strong>nosti</strong></span> <span class='ocrx_word' id='word_1_323' title='bbox 1302 3731 1463 3792; x_wconf 79' lang='lat' dir='ltr'><strong>data</strong></span> <span class='ocrx_word' id='word_1_324' title='bbox 1515 3730 1680 3792; x_wconf 80' lang='lat' dir='ltr'><strong>bona</strong></span> <span class='ocrx_word' id='word_1_325' title='bbox 1729 3730 1891 3793; x_wconf 80' lang='lat' dir='ltr'><strong>dare</strong></span> <span class='ocrx_word' id='word_1_326' title='bbox 1920 3731 2105 3812; x_wconf 72' lang='lat' dir='ltr'><strong>filiis</strong></span> <span class='ocrx_word' id='word_1_327' title='bbox 2156 3733 2305 3794; x_wconf 76' lang='lat' dir='ltr'><strong>tuis.</strong></span> <span class='ocrx_word' id='word_1_328' title='bbox 2416 3733 2544 3808; x_wconf 87' lang='lat' dir='ltr'><strong>Da,</strong></span> <span class='ocrx_word' id='word_1_329' title='bbox 2596 3730 2907 3816; x_wconf 86' lang='lat' dir='ltr'><strong>quoniam</strong></span> <span class='ocrx_word' id='word_1_330' title='bbox 2995 3797 2996 3806; x_wconf 10' lang='grc' dir='ltr'>χ</span> 
     </span>
     <span class='ocr_line' id='line_1_36' title="bbox 455 3827 2996 3915; baseline -0.001 -19"><span class='ocrx_word' id='word_1_331' title='bbox 455 3827 532 3906; x_wconf 60' lang='grc' dir='ltr'><strong>ισζ</strong></span> <span class='ocrx_word' id='word_1_332' title='bbox 621 3830 636 3852; x_wconf 85' lang='grc'><strong>’</strong></span> <span class='ocrx_word' id='word_1_333' title='bbox 685 3831 944 3915; x_wconf 79' lang='lat' dir='ltr'><strong>suscepi</strong></span> <span class='ocrx_word' id='word_1_334' title='bbox 1003 3853 1390 3912; x_wconf 85' lang='lat' dir='ltr'><strong>cognoscere</strong></span> <span class='ocrx_word' id='word_1_335' title='bbox 1406 3827 1457 3907; x_wconf 76' lang='lat'><strong>&#39;,</strong></span> <span class='ocrx_word' id='word_1_336' title='bbox 1505 3838 1571 3893; x_wconf 79' lang='lat' dir='ltr'><strong>et</strong></span> <span class='ocrx_word' id='word_1_337' title='bbox 1614 3830 1795 3893; x_wconf 78' lang='lat' dir='ltr'><strong>labor</strong></span> <span class='ocrx_word' id='word_1_338' title='bbox 1838 3839 1935 3894; x_wconf 71' lang='lat' dir='ltr'><strong>est</strong></span> <span class='ocrx_word' id='word_1_339' title='bbox 1982 3839 2140 3894; x_wconf 77' lang='lat' dir='ltr'><strong>ante</strong></span> <span class='ocrx_word' id='word_1_340' title='bbox 2197 3853 2320 3909; x_wconf 83' lang='lat' dir='ltr'><strong>me,</strong></span> <span class='ocrx_word' id='word_1_341' title='bbox 2366 3833 2575 3896; x_wconf 89' lang='lat' dir='ltr'><strong>donec</strong></span> <span class='ocrx_word' id='word_1_342' title='bbox 2634 3831 2906 3915; x_wconf 55' lang='lat' dir='ltr'><strong>aperias</strong></span> <span class='ocrx_word' id='word_1_343' title='bbox 2995 3839 2996 3866; x_wconf 65' lang='lat'>³</span> 
     </span>
     <span class='ocr_line' id='line_1_37' title="bbox 685 3921 2996 4014; baseline -0.001 -17"><span class='ocrx_word' id='word_1_344' title='bbox 685 3935 812 3997; x_wconf 91' lang='lat' dir='ltr'><strong>Per</strong></span> <span class='ocrx_word' id='word_1_345' title='bbox 865 3932 1202 3996; x_wconf 81' lang='lat' dir='ltr'><strong>Christum</strong></span> <span class='ocrx_word' id='word_1_346' title='bbox 1257 3921 1548 4007; x_wconf 87' lang='lat' dir='ltr'><strong>obsecro,</strong></span> <span class='ocrx_word' id='word_1_347' title='bbox 1598 3931 1669 3992; x_wconf 88' lang='lat' dir='ltr'><strong>in</strong></span> <span class='ocrx_word' id='word_1_348' title='bbox 1726 3931 1987 3994; x_wconf 90' lang='lat' dir='ltr'><strong>nomine</strong></span> <span class='ocrx_word' id='word_1_349' title='bbox 2046 3931 2187 4014; x_wconf 86' lang='lat' dir='ltr'><strong>ejus</strong></span> <span class='ocrx_word' id='word_1_350' title='bbox 2231 3933 2456 3996; x_wconf 81' lang='lat' dir='ltr'><strong>Sancti</strong></span> <span class='ocrx_word' id='word_1_351' title='bbox 2514 3941 2906 4010; x_wconf 82' lang='lat' dir='ltr'><strong>sanctorum,</strong></span> <span class='ocrx_word' id='word_1_352' title='bbox 2995 3931 2996 3944; x_wconf 59' lang='lat'>¹</span> 
     </span>
     <span class='ocr_line' id='line_1_38' title="bbox 445 4031 2905 4116; baseline -0.002 -16"><span class='ocrx_word' id='word_1_353' title='bbox 445 4051 531 4100; x_wconf 74' lang='lat' dir='ltr'><strong>Ps.</strong></span> <span class='ocrx_word' id='word_1_354' title='bbox 558 4052 668 4111; x_wconf 82' lang='lat'><strong>115,</strong></span> <span class='ocrx_word' id='word_1_355' title='bbox 683 4054 874 4097; x_wconf 87' lang='lat' dir='ltr'><strong>nemo</strong></span> <span class='ocrx_word' id='word_1_356' title='bbox 901 4033 1066 4096; x_wconf 88' lang='lat' dir='ltr'><strong>mihi</strong></span> <span class='ocrx_word' id='word_1_357' title='bbox 1095 4035 1441 4114; x_wconf 84' lang='lat' dir='ltr'><strong>obstrepat.</strong></span> <span class='ocrx_word' id='word_1_358' title='bbox 1515 4033 1608 4094; x_wconf 89' lang='lat' dir='ltr'><strong>Et</strong></span> <span class='ocrx_word' id='word_1_359' title='bbox 1633 4053 1745 4113; x_wconf 72' lang='lat' dir='ltr'><strong>eqo</strong></span> <span class='ocrx_word' id='word_1_360' title='bbox 1774 4031 2048 4111; x_wconf 78' lang='lat' dir='ltr'><strong>credidi,</strong></span> <span class='ocrx_word' id='word_1_361' title='bbox 2070 4041 2339 4113; x_wconf 75' lang='lat' dir='ltr'><strong>propter</strong></span> <span class='ocrx_word' id='word_1_362' title='bbox 2366 4033 2539 4116; x_wconf 79' lang='lat' dir='ltr'><strong>quod</strong></span> <span class='ocrx_word' id='word_1_363' title='bbox 2560 4041 2634 4096; x_wconf 80' lang='lat' dir='ltr'><strong>et</strong></span> <span class='ocrx_word' id='word_1_364' title='bbox 2662 4036 2905 4116; x_wconf 77' lang='lat' dir='ltr'><strong>loquor.</strong></span> 
     </span>
     <span class='ocr_line' id='line_1_39' title="bbox 448 4117 2904 4236; baseline -0.001 -37"><span class='ocrx_word' id='word_1_365' title='bbox 448 4117 617 4236; x_wconf 44' lang='lat' dir='ltr'><strong>kas,</strong></span> <span class='ocrx_word' id='word_1_366' title='bbox 623 4182 668 4228; x_wconf 83' lang='lat'><strong>4.</strong></span> <span class='ocrx_word' id='word_1_367' title='bbox 686 4137 854 4198; x_wconf 77' lang='lat' dir='ltr'><strong>Haec</strong></span> <span class='ocrx_word' id='word_1_368' title='bbox 876 4142 975 4198; x_wconf 85' lang='lat' dir='ltr'><strong>est</strong></span> <span class='ocrx_word' id='word_1_369' title='bbox 991 4155 1142 4217; x_wconf 83' lang='lat' dir='ltr'><strong>spes</strong></span> <span class='ocrx_word' id='word_1_370' title='bbox 1162 4155 1335 4210; x_wconf 83' lang='lat' dir='ltr'><strong>mea3</strong></span> <span class='ocrx_word' id='word_1_371' title='bbox 1381 4131 1466 4196; x_wconf 86' lang='lat' dir='ltr'><strong>ad</strong></span> <span class='ocrx_word' id='word_1_372' title='bbox 1487 4133 1657 4196; x_wconf 82' lang='lat' dir='ltr'><strong>hanc</strong></span> <span class='ocrx_word' id='word_1_373' title='bbox 1678 4133 1825 4195; x_wconf 77' lang='lat' dir='ltr'><strong>vivo</strong></span> <span class='ocrx_word' id='word_1_374' title='bbox 1839 4130 1869 4161; x_wconf 72' lang='lat'><strong>¹*</strong></span> <span class='ocrx_word' id='word_1_375' title='bbox 1898 4140 1972 4194; x_wconf 89' lang='lat' dir='ltr'><strong>ut</strong></span> <span class='ocrx_word' id='word_1_376' title='bbox 1992 4123 2381 4213; x_wconf 69' lang='lat' dir='ltr'><strong>contempler</strong></span> <span class='ocrx_word' id='word_1_377' title='bbox 2408 4135 2904 4197; x_wconf 77' lang='lat' dir='ltr'><strong>delectationem</strong></span> 
     </span>
     <span class='ocr_line' id='line_1_40' title="bbox 452 4234 2907 4318; baseline -0.001 -19"><span class='ocrx_word' id='word_1_378' title='bbox 452 4257 662 4318; x_wconf 50' lang='lat' dir='ltr'><strong>Pasas.</strong></span> <span class='ocrx_word' id='word_1_379' title='bbox 681 4237 976 4300; x_wconf 63' lang='lat' dir='ltr'><strong>Domini.</strong></span> <span class='ocrx_word' id='word_1_380' title='bbox 1064 4237 1243 4298; x_wconf 90' lang='lat' dir='ltr'><strong>Ecce</strong></span> <span class='ocrx_word' id='word_1_381' title='bbox 1286 4243 1526 4298; x_wconf 74' lang='lat' dir='ltr'><strong>veteres</strong></span> <span class='ocrx_word' id='word_1_382' title='bbox 1558 4235 1840 4314; x_wconf 71' lang='lat' dir='ltr'><strong>posuisti</strong></span> <span class='ocrx_word' id='word_1_383' title='bbox 1882 4234 2021 4296; x_wconf 73' lang='lat' dir='ltr'><strong>dies</strong></span> <span class='ocrx_word' id='word_1_384' title='bbox 2062 4255 2253 4311; x_wconf 68' lang='lat' dir='ltr'><strong>mem,</strong></span> <span class='ocrx_word' id='word_1_385' title='bbox 2297 4242 2364 4297; x_wconf 89' lang='lat' dir='ltr'><strong>et</strong></span> <span class='ocrx_word' id='word_1_386' title='bbox 2406 4243 2784 4310; x_wconf 83' lang='lat' dir='ltr'><strong>transeunt3</strong></span> <span class='ocrx_word' id='word_1_387' title='bbox 2844 4244 2907 4296; x_wconf 86' lang='lat' dir='ltr'><strong>et</strong></span> 
     </span>
     <span class='ocr_line' id='line_1_41' title="bbox 679 4333 2904 4420; baseline -0.001 -21"><span class='ocrx_word' id='word_1_388' title='bbox 679 4336 1030 4420; x_wconf 84' lang='lat' dir='ltr'><strong>quomodo,</strong></span> <span class='ocrx_word' id='word_1_389' title='bbox 1057 4335 1301 4399; x_wconf 82' lang='lat' dir='ltr'><strong>nescio.</strong></span> <span class='ocrx_word' id='word_1_390' title='bbox 1390 4336 1481 4398; x_wconf 85' lang='lat' dir='ltr'><strong>Et</strong></span> <span class='ocrx_word' id='word_1_391' title='bbox 1526 4333 1841 4412; x_wconf 74' lang='lat' dir='ltr'><strong>dicimuS,</strong></span> <span class='ocrx_word' id='word_1_392' title='bbox 1864 4335 2154 4415; x_wconf 82' lang='lat' dir='ltr'><strong>Tempus</strong></span> <span class='ocrx_word' id='word_1_393' title='bbox 2196 4343 2263 4398; x_wconf 88' lang='lat' dir='ltr'><strong>et</strong></span> <span class='ocrx_word' id='word_1_394' title='bbox 2304 4343 2584 4418; x_wconf 85' lang='lat' dir='ltr'><strong>tempus,</strong></span> <span class='ocrx_word' id='word_1_395' title='bbox 2614 4347 2904 4418; x_wconf 87' lang='lat' dir='ltr'><strong>tempora</strong></span> 
     </span>
    </p>
   </div>
   <div class='ocr_carea' id='block_1_4' title="bbox 679 4433 2900 4530">
    <p class='ocr_par' dir='ltr' id='par_1_4' title="bbox 679 4433 2900 4530">
     <span class='ocr_line' id='line_1_42' title="bbox 679 4433 2900 4530; baseline -0.001 -30"><span class='ocrx_word' id='word_1_396' title='bbox 679 4445 750 4500; x_wconf 77' lang='lat' dir='ltr'><strong>et</strong></span> <span class='ocrx_word' id='word_1_397' title='bbox 777 4445 1099 4520; x_wconf 75' lang='lat' dir='ltr'><strong>tempora3</strong></span> <span class='ocrx_word' id='word_1_398' title='bbox 1146 4435 1470 4508; x_wconf 80' lang='lat' dir='ltr'><strong>Quamdiu</strong></span> <span class='ocrx_word' id='word_1_399' title='bbox 1500 4433 1672 4498; x_wconf 77' lang='lat' dir='ltr'><strong>dixit</strong></span> <span class='ocrx_word' id='word_1_400' title='bbox 1710 4433 1835 4498; x_wconf 92' lang='lat' dir='ltr'><strong>hoc</strong></span> <span class='ocrx_word' id='word_1_401' title='bbox 1878 4433 2009 4513; x_wconf 87' lang='lat' dir='ltr'><strong>ille,</strong></span> <span class='ocrx_word' id='word_1_402' title='bbox 2040 4433 2349 4519; x_wconf 87' lang='lat' dir='ltr'><strong>quamdiu</strong></span> <span class='ocrx_word' id='word_1_403' title='bbox 2386 4434 2542 4530; x_wconf 57' lang='lat' dir='ltr'><strong>fecit</strong></span> <span class='ocrx_word' id='word_1_404' title='bbox 2580 4435 2714 4498; x_wconf 90' lang='lat' dir='ltr'><strong>hoc</strong></span> <span class='ocrx_word' id='word_1_405' title='bbox 2756 4435 2900 4508; x_wconf 87' lang='lat' dir='ltr'><strong>ille;</strong></span> 
     </span>
    </p>
   </div>
   <div class='ocr_carea' id='block_1_5' title="bbox 2993 15 2999 1228">
    <p class='ocr_par' dir='ltr' id='par_1_5' title="bbox 2993 15 2999 1228">
     <span class='ocr_line' id='line_1_43' title="bbox 2993 15 2999 1228; baseline 0 0"><span class='ocrx_word' id='word_1_406' title='bbox 2993 15 2999 1228; x_wconf 95' lang='lat' dir='ltr'><strong> </strong></span> 
     </span>
    </p>
   </div>
   <div class='ocr_carea' id='block_1_6' title="bbox 2994 1431 2998 2088">
    <p class='ocr_par' dir='ltr' id='par_1_6' title="bbox 2994 1431 2998 2088">
     <span class='ocr_line' id='line_1_44' title="bbox 2994 1431 2998 2088; baseline 0 0"><span class='ocrx_word' id='word_1_407' title='bbox 2994 1431 2998 2088; x_wconf 95' lang='lat' dir='ltr'><strong> </strong></span> 
     </span>
    </p>
   </div>
   <div class='ocr_carea' id='block_1_7' title="bbox 2993 2349 2998 3264">
    <p class='ocr_par' dir='ltr' id='par_1_7' title="bbox 2993 2349 2998 3264">
     <span class='ocr_line' id='line_1_45' title="bbox 2993 2349 2998 3264; baseline 0 0"><span class='ocrx_word' id='word_1_408' title='bbox 2993 2349 2998 3264; x_wconf 95' lang='lat' dir='ltr'><strong> </strong></span> 
     </span>
    </p>
   </div>
   <div class='ocr_carea' id='block_1_8' title="bbox 2994 3433 2999 5016">
    <p class='ocr_par' dir='ltr' id='par_1_8' title="bbox 2994 3433 2999 5016">
     <span class='ocr_line' id='line_1_46' title="bbox 2994 3433 2999 5016; baseline 0 0"><span class='ocrx_word' id='word_1_409' title='bbox 2994 3433 2999 5016; x_wconf 95' lang='lat' dir='ltr'><strong> </strong></span> 
     </span>
    </p>
   </div>
  </div>
 </body>
</html>
