3042 5059
695 379 822 434 :³02

761 545 914 596 eoque
937 539 1082 580 morte
1099 529 1308 584 sublato.
1327 529 1458 580 dolet
1483 530 1775 595 gravi-sime.

765 596 1004 644 Mirabil’u
1033 597 1244 645 efficacta'
1273 597 1553 644 sacramenti
1586 595 1777 707 ⁸²⁹2}

765 677 852 708 nu.

699 725 764 772 V.
797 727 900 775 Cur
921 726 1056 774 fletus
1075 725 1230 774 dulcis
1257 722 1451 772 m‘ueris.
1707 725 1774 772 50

699 790 798 838 VI.
831 791 1052 849 Quantus
1071 805 1131 838 ex
1151 789 1290 838 amici
1313 797 1458 836 morte
1477 787 1626 836 dolor.
1706 790 1767 837 51

699 854 826 903 VII.
859 854 1158 919 Impatientia
1168 853 1340 902 doloris
1350 861 1502 900 mutat
1509 853 1685 901 locum.
1706 855 1771 902 52

699 919 854 966 VIII.
895 920 1100 983 Tempus
1141 927 1190 966 et
1239 919 1497 966 amicorum
1536 917 1775 981 colloquia

761 983 912 1031 dolori
933 985 1196 1031 medentur.
1706 985 1773 1030 id.

697 1046 794 1096 IX.
835 1049 914 1096 De
953 1047 1164 1095 humana
1199 1046 1422 1095 micitia.
1471 1047 1651 1095 Beatus
1688 1045 1773 1110 qui

759 1123 890 1160 amat
910 1111 958 1158 in
981 1112 1108 1159 Deo.
1708 1113 1773 1160 53

695 1175 762 1225 X.
793 1177 987 1224 Labiles
1023 1183 1268 1234 meatum,
1301 1176 1478 1224 necin
1514 1175 1585 1224 eis
1620 1184 1773 1240 potest

759 1240 919 1291 anima
939 1240 1244 1304 requiescere.
1702 1242 1771 1288 id.

693 1304 790 1353 XI.
823 1305 1000 1354 Omnia
1019 1313 1180 1353 creata
1196 1311 1308 1354 sunt
1323 1303 1577 1354 instabilia.
1628 1303 1772 1352 Solus

761 1369 898 1418 Deus
921 1369 1122 1418 stabilis-
1704 1370 1769 1417 54

695 1433 822 1482 XII.
857 1435 1006 1482 Amor
1023 1450 1118 1482 nou
1138 1431 1446 1497 improbatur,
1461 1433 1602 1481 modo
1624 1431 1673 1480 in
1694 1432 1771 1481 his

695 1513 866 1610 xfl'?
885 1499 1533 1627 ζ’ἒῖῖῗωῗῖῗᾶἱὲξέω·
1698 1500 1767 1610 22

693 1627 838 1676 XIV.
877 1627 1010 1676 Libri
1037 1627 1098 1676 de
1125 1626 1256 1690 Apto
1283 1635 1332 1675 et
1363 1626 1570 1674 Pulchro
1600 1625 1765 1675 Hierio

757 1690 1032 1758 nuncupati.
1079 1691 1220 1741 Unde
1241 1691 1367 1739 bunc
1387 1699 1647 1738 amaverat.
1697 1692 1761 1738 57

693 1757 810 1805 XV.
843 1759 984 1814 Quod
1005 1756 1326 1822 corporalibus
1349 1755 1631 1820 imaginibus
1652 1769 1766 1804 con-

753 1823 1046 1934 ιιὶξιεῑπιιω,
1067 1838 1164 1870 non
1191 1820 1344 1886 potuit
1373 1835 1543 1886 capere
1574 1819 1765 1934 οΡὶι-ἱῑὲιᾶ

755 1901 788 1933 a
806 1903 872 1934 ia.

691 1951 840 2000 XVI.
873 1951 1144 2015 categorias
1153 1948 1420 1998 Aristotelis
1435 1956 1486 1997 et
1497 1949 1763 1998 liberalium

751 2016 922 2064 artium
941 2017 1086 2064 libros
1104 2032 1188 2082 per
1203 2029 1256 2062 se
1276 2013 1528 2064 intellexit.
1698 2016 1765 2064 60

927 2173 1144 2222 LIBER
1185 2173 1520 2232 QUINTUS.

685 2277 732 2327 I.
771 2277 958 2326 Excitat
997 2286 1202 2326 mentem
1245 2277 1309 2325 ad
1355 2278 1516 2326 Deum
1560 2277 1762 2326 laudan-

749 2343 886 2390 dum.
1696 2344 1761 2391 63

685 2407 760 2455 II.
794 2405 888 2455 Dei
900 2404 1193 2471 presentiam
1209 2405 1392 2470 iniquos
1407 2420 1500 2452 non
1518 2405 1755 2469 effugere:

749 2472 762 2482 '
847 2487 906 2520 ue
925 2471 989 2518 ad
1007 2485 1118 2520 eum
1140 2471 1312 2520 debere
1333 2470 1563 2518 converti.
1690 2473 1759 2522 id.

684 2535 790 2586 111.
826 2537 904 2584 De
931 2537 1106 2584 Fausto
1127 2536 1406 2592 manichae,
1427 2543 1478 2582 et
1509 2535 1573 2584 de
1602 2534 1759 2599 philo-

745 2601 1000 2666 sophorum
1035 2600 1247 2648 cecitate
1280 2600 1364 2665 qui
1402 2614 1486 2663 per
1519 2608 1759 2648 creaturas

749 2667 1019 2715 Creatorem
1041 2678 1136 2711 nou
1157 2672 1496 2726 cognoverunt.
1690 2665 1757 2713 64

683 2729 782 2779 IV.
813 2730 928 2778 Sola
950 2728 1046 2776 Dei
1065 2729 1268 2792 cognitio
1289 2731 1416 2777 beat.
1690 2731 1757 2778 66

683 2793 753 2842 V.
792 2792 1052 2843 Manicbaei
1083 2795 1145 2841 de
1180 2793 1314 2842 astris
1345 2792 1575 2855 imperitia
1601 2793 1755 2859 indig-

743 2873 856 2905 num
878 2872 988 2906 eum
1011 2857 1102 2905 fide
1121 2857 1172 2904 iu
1191 2859 1370 2906 caeteris
1389 2857 1608 2905 faciebat.
1687 2860 1751 2908 67

680 2920 778 2971 vl.
823 2923 1022 2971 Faustus
1069 2920 1317 2985 eloquens,
1355 2921 1440 2971 sed
1487 2921 1751 2972 liberalium

743 2987 1094 3052 d'nciplinarum
1113 3001 1302 3051 expers.
1687 2991 1753 3037 68

681 3051 1108 3165 Vffimfssieuatur
1171 3066 1201 3098 a
1269 3060 1400 3101 secta
1454 3049 1754 3165 Μιειίὼωέὁ

679 3180 838 3228 VIII.
871 3180 1181 3229 Proficiscitur
1207 3179 1415 3228 Romam
1449 3189 1618 3229 contra
1648 3197 1751 3230 ma·

739 3246 822 3294 tris
842 3247 1145 3296 voluntatem.
1685 3247 1752 3295 70

676 3309 774 3358 IX.
821 3311 958 3361 Febri
1007 3317 1246 3374 correptus
1304 3309 1561 3375 periculose
1614 3309 1751 3424 lab⁷of=2

675 3439 739 3487 X.
774 3439 967 3488 Errores
1016 3446 1128 3488 ante
1177 3447 1447 3504 susceptam
1500 3440 1750 3505 Evangelii

737 3505 1017 3552 doctrinam.
1685 3506 1749 3553 74

673 3567 767 3615 XI.
802 3568 1017 3625 Qualiter
1039 3567 1330 3631 Augustinus
1361 3568 1610 3618 contulerit
1637 3585 1745 3618 cum

737 3630 997 3678 catholicis.
1682 3635 1745 3682 77

671 3693 798 3742 XII.
833 3695 980 3743 Fraus
997 3692 1332 3757 discipulorum
1355 3695 1520 3744 Romu».
1547 3697 1598 3746 in
1620 3714 1742 3763 prae-

733 3766 961 3824 ceptores.
1678 3764 1741 3811 78

668 3824 823 3872 XIII.
858 3823 1096 3872 Docturus
1111 3820 1386 3870 rhetoricam
1409 3822 1609 3873 mittitur
1632 3827 1741 3875 Me-

730 3889 1000 3948 diolanum3
1029 3887 1092 3936 ab
1111 3886 1360 3935 Ambrosio
1377 3887 1500 3936 susci
1532 3889 1645 3941 itur.
1674 3892 1741 3939 79

667 3954 815 4003 XIV.
863 3953 1038 4002 Audito
1081 3951 1352 4008 Ambrosio,
1405 3968 1464 4019 pa
1519 3954 1633 4003 atim
1676 3956 1738 4004 ab

729 4019 962 4069 erroribus
981 4016 1224 4083 resipiscit.
1668 4022 1738 4070 id.

931 4162 1000 4210 LI
1007 4160 1148 4209 BER
1187 4161 1463 4214 SEXTUS.

659 4267 708 4318 L
740 4267 1038 4343 Augustinus
1070 4283 1158 4318 uec
1195 4265 1497 4318 Manichreus
1533 4283 1621 4319 nec
1654 4285 1735 4318 ca-

725 4332 940 4381 thohcus.
1672 4336 1735 4382 82

661 4397 736 4446 11.
786 4397 958 4462 Epulre
1001 4405 1052 4447 et
1087 4395 1280 4464 synaxis
1334 4399 1462 4465 apud
1519 4399 1739 4468 sepulcra

721 4471 998 4526 martyrum.
1670 4465 1734 4513 83

1443 369 1751 433 INDEX
1798 369 2245 431 CAPITUM.

1840 529 1945 578 111.
1978 531 2389 605 Occupationeset
2404 529 2563 580 studia
2579 529 2839 580 Ambrosii.
2863 533 2915 578 84

1840 596 1937 643 lv.
1970 595 2247 644 Doctnnam
2276 597 2499 646 Ecclesiae
2528 596 2795 645 Ambrosio
2816 612 2917 645 con-

1903 658 2119 708 cionante
2137 659 2373 724 intelligit.
2862 664 2918 708 86

1840 723 1907 770 V.
1941 723 2019 771 De
2037 739 2275 774 sacrorum
2302 726 2551 774 Librorum
2574 724 2861 774 auctoritate
2877 735 2919 772 et

1900 789 2160 837 necessario
2178 806 2283 838 usu.
2862 792 2915 838 87

1838 851 1933 899 VI.
1968 852 2045 901 De
2078 852 2265 902 miseria
2304 854 2679 913 ambitiosorum,
2716 855 2917 903 adducto

1898 917 2117 982 exemplo
2134 919 2341 966 mendici
2359 918 2583 967 letantis.
2859 921 2917 967 90

1838 981 1962 1028 VII.
2014 982 2243 1046 Alypium
2296 999 2327 1031 a
2376 983 2677 1032 Circensium
2735 983 2919 1032 insania

1898 1047 2143 1094 convertit.
2858 1051 2911 1096 91

1838 1109 1993 1156 VIII.
2032 1110 2233 1176 Alypius
2260 1111 2445 1176 capitur
2477 1112 2671 1162 insania
2700 1112 2915 1160 ludorum

1895 1173 2294 1237 gladiatoriomm,
2314 1192 2345 1224 a
2365 1177 2539 1242 quibus
2574 1187 2719 1225 antea
2746 1177 2913 1225 abhor-

1896 1247 2073 1286 ruerat.
2854 1244 2912 1290 93

1832 1301 1929 1351 IX.
1963 1302 2165 1368 Alypius
2184 1313 2240 1354 ut
2260 1305 2336 1353 fur
2356 1305 2746 1370 apprehenditur.
2852 1309 2910 1354 id.

1829 1365 1897 1413 X.
1944 1366 2023 1414 De
2072 1368 2337 1435 integritate
2396 1370 2567 1436 Alypii
2612 1379 2664 1419 et
2712 1372 2911 1420 adventu

1900 1431 2133 1480 Nebridii.
2854 1438 2912 1484 95

1830 1494 1925 1543 XI.
1958 1496 2144 1546 Anxius
2186 1498 2485 1562 Augustinus
2518 1499 2582 1547 de
2628 1499 2911 1549 instituenda

1896 1559 1993 1608 vita
2015 1561 2259 1612 deliberat.
2854 1567 2911 1614 96

1828 1625 1955 1672 XII.
1988 1625 2239 1677 contentio
2258 1627 2380 1676 inter
2397 1626 2631 1692 Alypium
2649 1636 2701 1676 et
2721 1627 2909 1693 Augus·

1894 1689 2046 1738 tinum
2066 1693 2127 1741 de
2152 1692 2447 1740 matrimonio
2470 1703 2517 1740 et
2536 1693 2786 1743 celibatu.
2852 1697 2909 1742 98

1832 1753 1985 1802 XIII.
2022 1756 2157 1805 Uxor
2176 1757 2403 1821 queritur
2424 1757 2719 1822 Augustino.
2852 1760 2909 1806 99

1828 1817 1973 1867 XIV.
2020 1821 2101 1870 De
2142 1822 2237 1870 vita
2276 1822 2516 1871 communi
2568 1823 2765 1886 agenda
2804 1837 2909 1870 cum

1894 1884 2060 1931 amicis
2079 1886 2330 1936 deliberat.
2826 1889 2910 1935 100

1830 1947 1947 1997 XV.
1988 1948 2049 1997 In
2091 1949 2250 1999 locum
2295 1950 2578 1999 d'ncedentis
2628 1952 2909 1999 concubine

1897 2013 1995 2060 alia
2012 2016 2245 2063 succedit.
2828 2019 2905 2064 101

1829 2076 1973 2125 XVI.
2006 2078 2179 2127 Mortis
2196 2090 2247 2129 et
2259 2078 2431 2145 judicii
2458 2087 2641 2128 metum
2662 2095 2909 2144 nunquam

1894 2141 2127 2208 deposuit.
2848 2149 2907 2196 id.

2050 2303 2265 2351 LIBER
2310 2305 2679 2354 SEPTIMUS.

1826 2396 1871 2444 1.
1905 2397 2066 2446 Deum
2086 2398 2259 2460 cogitat
2282 2409 2507 2465 tanquam
2530 2402 2717 2466 aliquid
2745 2418 2903 2466 corpo-
2995 2453 2996 2474 ¹

1888 2477 2017 2510 reum
2044 2479 2126 2528 per
2146 2464 2330 2512 infinita
2350 2467 2505 2530 spatia
2521 2467 2772 2516 diffusum.
2816 2469 2901 2514 102
2995 2487 2996 2495 ¹

1825 2525 1897 2576 ΙΙ.
1932 2527 2227 2577 Momentum
2246 2545 2343 2593 quo
2363 2531 2627 2580 Nebridius
2636 2532 2901 2581 confutarat

1888 2591 2204 2641 Manichacus.
2812 2599 2901 2646 104

1824 2652 1927 2702 111.
1976 2656 2197 2706 Liberum
2261 2659 2503 2710 arbitrium
2572 2677 2727 2712 causa
2792 2679 2899 2725 pec·

1888 2720 1998 2769 cati.
2812 2729 2899 2775 105

1820 2781 1918 2832 IV.
1971 2785 2133 2834 Deum
2173 2787 2567 2855 incorruptibilem
2613 2807 2719 2840 esse
2762 2808 2898 2856 opor-

1823 2913 1891 2962 V.
1924 2915 2108 2971 Quaerit
2130 2915 2295 2965 iterum
2334 2918 2461 2966 unde
2491 2919 2698 2976 malum,
2719 2928 2771 2968 et
2794 2937 2896 2983 quae

1886 2979 2019 3026 radix
2040 2980 2161 3043 ejus.
2814 2988 2897 3033 107

1820 3042 1925 3116 VI..
1948 3044 2396 3094 mathematicorum
2436 3045 2752 3097 divinationes
2790 3050 2897 3113 reji-

1883 3116 1967 3154 cit.
2808 3116 2896 3162 108

1820 3169 1941 3218 v11.
1982 3172 2159 3222 Misere
2202 3183 2444 3238 torquetur
2483 3175 2729 3240 inquirens
2772 3179 2897 3227 unde

1884 3235 1945 3283 sit
1966 3237 2159 3285 malum.
2808 3245 2892 3291 lll

1818 3299 1973 3348 VIII.
2005 3303 2253 3358 Quomodo
2268 3303 2427 3354 divina
2445 3305 2767 3354 misericordia
2786 3309 2894 3355 sub-

1878 3366 2057 3414 venerit
2074 3368 2358 3432 Augustino.
2804 3375 2892 3420 112

1816 3427 1909 3477 IX.
1944 3429 2005 3477 In
2028 3431 2376 3481 Platonicorum
2396 3433 2529 3481 libris
2552 3434 2700 3482 Verbi
2730 3438 2893 3484 aeterni

1878 3493 2187 3568 divinitatem,
2212 3513 2306 3546 non
2326 3498 2555 3546 incarnati
2574 3498 2889 3549 humilitatem

1876 3569 2072 3607 invenit.
2830 3570 2891 3615 id.

1814 3621 1882 3671 X.
1916 3623 2107 3672 Clarius
2142 3625 2439 3675 innotescunt
2474 3627 2578 3692 jam
2621 3627 2890 3694 Augustino

1876 3687 2050 3736 divina.
2800 3697 2887 3744 115

1808 3751 1904 3798 XI.
1950 3755 2199 3810 Quomodo
2254 3765 2481 3805 creaturae
2530 3766 2659 3816 sunt,
2702 3766 2757 3807 et
2799 3775 2888 3808 non

1872 3825 2000 3865 sunt.
2800 3826 2887 3873 116

1807 3879 1935 3928 XII.
1981 3882 2158 3931 Omnia
2207 3885 2352 3943 bona,
2394 3901 2717 3952 quaecumque
2767 3897 2887 3937 sunt.

1808 4009 1963 4059 XIII.
2010 4011 2185 4061 Omnia
2225 4012 2412 4062 condita
2456 4014 2661 4064 laudant
2706 4017 2885 4066 Deum.

1807 4139 1953 4189 XIV.
1992 4139 2132 4190 Same
2154 4141 2321 4190 mentis
2353 4142 2537 4192 homini
2572 4143 2693 4192 nibil
2724 4145 2883 4212 displi-

1867 4213 1945 4252 cet
1964 4205 2087 4254 iuter
2108 4215 2346 4255 creaturas
2370 4208 2486 4258 Dei.
2820 4215 2881 4261 id.
2984 4229 2986 4252 ὲ

1804 4268 1923 4318 XV.
1970 4270 2225 4345 Quomodo
2275 4272 2443 4323 veritas
2495 4281 2549 4322 et
2601 4273 2787 4325 falsitas
2836 4275 2881 4324 in

1867 4342 2111 4383 creaturis.
2794 4342 2876 4389 118

1804 4399 1950 4446 XVI.
1984 4398 2161 4450 Omnia
2183 4401 2328 4460 bona,
2346 4401 2459 4452 licet
2476 4403 2769 4468 quibusdam
2788 4422 2875 4454 non

1865 4470 1996 4528 apta.
2810 4474 2866 4519 id.
