3042 5059
1580 1697 1891 1750 ERRATA.

829 1829 890 1878 P.
913 1830 962 1878 6.
983 1845 1064 1892 pro
1085 1829 1182 1880 Job
1205 1832 1287 1889 25,
1311 1833 1359 1880 4.
1381 1831 1468 1896 leg.
1497 1833 1575 1890 14,
1599 1832 1647 1878 4.
1668 1845 1695 1879 e
1718 1847 1835 1880 vers.
1855 1837 1950 1880 vet.

880 1913 962 1960 30.
981 1927 1063 1972 pro
1083 1911 1253 1960 librum
1279 1911 1516 1976 quendam
1539 1911 1782 1962 Ciceronis
1804 1913 1891 1976 leg.
1912 1911 2148 1976 quendam
2174 1913 2409 1973 czy'usdam
2431 1909 2541 1961 cic.

850 1991 960 2040 106.
985 1991 1070 2040 lin.
1094 1992 1142 2040 9.
1165 2007 1246 2054 pro
1271 2000 1352 2040 aut
1373 1994 1459 2056 leg.
1481 2006 1540 2039 nc

975 2073 1020 2132 §.
1042 2073 1091 2119 6.
1113 2079 1273 2136 antep.
1298 2088 1379 2133 pro
1395 2069 1629 2121 infernum
1647 2069 1781 2118 illum
1804 2070 1892 2134 leg.
1912 2069 2048 2118 illum
2070 2070 2308 2120 infernum

847 2153 954 2202 109.
976 2161 1134 2218 antep.
1155 2171 1236 2215 pro
1257 2153 1590 2202 adnuntiatum
1613 2154 1701 2217 leg.
1724 2153 1991 2202 nuntiatum

844 2229 956 2276 135.
975 2237 1072 2278 not.
1094 2230 1129 2278 Ι.
1156 2232 1200 2278 1.
1221 2246 1302 2291 pro
1323 2229 1434 2292 ign&
1455 2230 1546 2293 leg.
1565 2229 1701 2292 signa

845 2313 952 2360 146.
972 2329 1054 2373 pro
1078 2312 1157 2359 Pa.
1180 2313 1291 2360 119.
1313 2314 1403 2376 leg.
1430 2313 1512 2360 Pa.
1541 2313 1651 2361 129.

847 2392 958 2441 156.
981 2399 1079 2440 not.
1104 2391 1141 2442 f.
1160 2391 1198 2441 l.
1219 2394 1270 2440 2.
1291 2409 1374 2455 pro
1395 2399 1590 2440 sanctus
1610 2393 1695 2456 leg.
1717 2399 1913 2440 sanatus

848 2471 956 2522 178.
980 2473 1022 2535 §.
1042 2475 1128 2522 22.
1149 2474 1180 2520 4
1196 2473 1258 2521 ab
1281 2472 1363 2521 inf.
1389 2489 1471 2535 pro
1491 2487 1517 2522 e
1544 2471 1761 2521 sensibus
1782 2473 1870 2537 leg.
1892 2488 1921 2520 a
1940 2471 2151 2522 sensibus

843 2555 958 2602 204.
981 2561 1078 2602 not.
1098 2554 1191 2603 col.
1218 2555 1262 2602 1.
1283 2553 1320 2601 l.
1339 2555 1384 2601 7.
1407 2553 1468 2602 ab
1490 2552 1579 2602 inf.
1599 2570 1681 2614 pro
1701 2552 1919 2602 damnari
1940 2554 2029 2618 leg.
2050 2552 2270 2601 damnavi

843 2636 960 2684 217.
981 2651 1062 2696 pro
1083 2634 1162 2683 Pa.
1182 2635 1294 2683 128.
1317 2635 1402 2698 leg.
1430 2636 1506 2682 ΡΒ.
1537 2635 1644 2683 138.

841 2715 959 2762 231.
981 2715 1027 2776 §.
1054 2714 1129 2761 14.
1151 2712 1186 2762 l.
1207 2715 1253 2760 2.
1276 2730 1358 2775 pro
1379 2714 1669 2761 infirmarum
1691 2714 1779 2777 leg.
1802 2713 2066 2761 infimarum

843 2795 960 2844 234.
981 2793 1067 2842 lin.
1089 2795 1140 2842 8.
1159 2811 1241 2856 pro
1261 2793 1362 2843 sine
1382 2794 1510 2842 initio
1533 2793 1656 2842 facta
1676 2797 1762 2859 leg.
1784 2795 1885 2844 sine
1902 2794 2060 2852 initi03
2096 2793 2221 2843 facta

973 2877 1016 2932 5.
1037 2875 1120 2924 21.
1141 2875 1178 2925 l.
1197 2877 1246 2923 2.
1266 2892 1349 2937 pro
1371 2875 1503 2923 inum
1528 2876 1620 2939 leg.
1638 2875 1767 2923 illam
