3042 5059
625 322 745 382 122
1173 314 1240 379 S.
1286 314 1808 379 AUGUSTINI
1852 314 2275 379 EPISCOPI

386 477 407 523 1
428 477 539 526 Cor.
553 478 603 534 3,
624 472 758 538 Ubi
777 471 950 534 enim
971 478 1108 533 erat
1133 468 1246 533 illa
1265 471 1597 551 oedfficans
1617 472 1897 535 charitas
1920 492 1959 533 a
1961 469 2407 553 fundamento
2425 464 2843 540 humilitatis,

385 541 460 589 Π·
620 573 792 656 quod
819 580 914 635 est
947 572 1246 634 Christus
1273 569 1513 633 Jews?
1606 572 1739 634 Aut
1776 570 2036 655 quando
2081 569 2178 630 illi
2210 568 2358 631 libri
2397 567 2707 631 docerent
2732 588 2843 628 me

621 672 804 737 eam?
894 674 975 736 In
1033 692 1196 756 quos
1251 693 1356 735 me
1411 682 1769 755 propterea,
1829 673 2204 756 priusquam
2264 670 2629 753 Scripturas
2686 675 2843 729 tuas

620 774 1106 850 considerarem,
1146 772 1337 837 credo
1387 774 1649 837 voluisti
1699 774 2040 850 incurrere,
2079 780 2154 835 ut
2191 771 2661 853 imprimeretur
2700 790 2842 831 rne-

619 876 836 939 moriae
874 895 1031 937 meae
1077 873 1402 958 quomodo
1447 896 1533 937 ex
1576 875 1671 937 eis
1717 877 1985 939 affectus
2024 894 2266 937 essem:
2314 881 2379 935 et
2414 894 2565 935 cum
2602 878 2842 954 postea

618 976 688 1039 in
729 975 944 1039 Libris
985 973 1114 1036 tuis
1150 974 1627 1037 mansuefactus
1666 996 1896 1051 essem,
1930 982 1995 1037 et
2030 974 2407 1037 curantibus
2444 969 2667 1053 digitis
2704 972 2843 1034 tuis

617 1081 1158 1141 contrectarentur
1181 1076 1446 1137 vulnera
1471 1094 1649 1151 mea3
1696 1074 2120 1144 discernerem
2150 1080 2341 1157 atque
2372 1072 2845 1152 distinguerem

619 1174 781 1260 quid
817 1175 1153 1237 interesset
1191 1175 1358 1237 inter
1393 1175 1957 1257 praesumptionem
1996 1182 2065 1237 et
2102 1174 2611 1248 confessionem3
2664 1173 2845 1233 inter

617 1274 906 1338 videntes
935 1296 1065 1358 quo
1095 1275 1376 1338 eundum
1405 1274 1489 1337 sit
1515 1295 1637 1339 nec
1665 1274 1955 1337 videntes
1985 1295 2132 1357 qua,
2162 1280 2229 1336 et
2254 1272 2458 1336 viam‘
2488 1272 2842 1334 ducentem

615 1375 700 1439 ad
726 1375 1093 1439 beatificam
1118 1376 1412 1459 patriam,
1427 1396 1560 1439 non
1590 1382 1838 1439 tantum
1868 1373 2273 1451 cernendam,
2298 1373 2413 1436 sed
2440 1381 2506 1435 et
2530 1371 2839 1435 habitan·

617 1477 782 1541 dam.
858 1479 1030 1541 Nam
1061 1478 1115 1540 si
1144 1478 1350 1560 primo
1381 1478 1621 1541 sanctis
1648 1480 1777 1541 tuis
1807 1477 2069 1540 Litteris
2096 1476 2471 1539 informatus
2502 1495 2735 1551 essem,
2769 1479 2839 1535 et

615 1580 686 1643 in
734 1601 952 1643 earum
999 1580 1426 1643 familiaritate
1475 1580 1921 1643 obdulcuisses
1972 1580 2154 1656 mihi,
2204 1586 2272 1642 et
2318 1586 2547 1661 postea
2598 1577 2668 1638 in
2716 1577 2837 1638 ina

614 1684 944 1747 volumina
978 1681 1389 1758 incidissem3
1434 1682 1701 1746 fortasse
1746 1689 1859 1745 aut
1896 1681 2332 1765 abripuissent
2366 1701 2469 1743 me
2512 1702 2553 1742 a
2590 1677 2832 1742 solida·-

616 1791 832 1847 mento
874 1782 1156 1865 pietatiS,
1194 1790 1306 1846 aut
1351 1783 1408 1845 si
1453 1783 1523 1845 in
1570 1784 1807 1846 affectu
1851 1804 2043 1867 quem
2090 1783 2407 1844 salubrem
2446 1778 2834 1841 imbiberam

613 1884 1054 1966 perstitissem,
1081 1890 1374 1965 putarem
1413 1882 1608 1945 etiam
1637 1904 1724 1946 ex
1750 1883 1881 1946 illis
1917 1882 2101 1945 libris
2132 1902 2279 1945 eum
2317 1900 2511 1963 posse
2541 1877 2833 1960 concipi,

617 1984 675 2045 si
703 2003 814 2046 eos
843 1984 1016 2045 solos
1045 1982 1386 2065 quisquam
1417 1982 1769 2045 didicisset.

419 2090 562 2166 XGXt.
703 2089 806 2145 2⁷.
853 2084 1082 2167 Itaque
1121 2082 1489 2146 avidissime
1532 2082 1773 2167 arripui
1809 2082 2237 2145 venerabilem
2280 2081 2497 2143 stilum
2541 2078 2830 2161 Spiritus

380 2155 512 2213 de
535 2172 584 2204 ¹¹¹
616 2184 732 2261 tui,
782 2191 847 2247 et
894 2204 1028 2265 prae
1087 2184 1334 2247 caeteris
1391 2186 1757 2265 apostolum
1816 2184 2125 2258 Paulum3
2199 2188 2265 2243 et
2310 2181 2641 2263 perierunt
2696 2179 2831 2241 illae

380 2219 524 2267 sacris

380 2282 534 2331 Libris
615 2285 1004 2367 quaestiones
1031 2282 1102 2344 in
1132 2282 1365 2365 quibus
1395 2283 1556 2345 mihi
1586 2282 1935 2367 aliquando
1963 2282 2141 2344 visus
2181 2287 2279 2343 est
2318 2280 2639 2343 adversari
2680 2280 2830 2356 sibi,

375 2346 572 2463 2ιῖθέξῇ
613 2398 678 2447 et
725 2405 858 2447 non
907 2403 1256 2464 congruere
1304 2383 1687 2447 testimoniis
1736 2384 1933 2463 Leg1s
1984 2390 2051 2445 et
2092 2381 2562 2464 Prophetarum
2606 2388 2829 2443 textus

375 2490 548 2586 ἷὲζξῖῃ
615 2484 924 2548 sermonis
983 2482 1038 2567 ej
1046 2503 1142 2546 us‚
1259 2484 1352 2547 Et
1407 2485 1708 2567 apparuit
1760 2484 1925 2546 mihi
1978 2504 2109 2546 una
2164 2481 2363 2545 facies
2420 2482 2829 2564 eloquiorum

376 2601 588 2651 Platoni·
613 2592 950 2660 castorum,
1003 2591 1070 2646 et
1116 2587 1446 2647 exsultare
1495 2606 1643 2648 cum
1692 2592 1965 2647 tremore
2015 2582 2234 2645 didici.
2338 2583 2433 2645 Et
2478 2582 2655 2664 coepi
2666 2582 2721 2658 ⁸,
2763 2589 2831 2644 et

373 2666 828 2783 t1³2222AL-inveni
860 2683 1180 2768 quidquid
1207 2684 1356 2748 illac
1379 2707 1596 2747 verum
1623 2686 1926 2766 legeram,
1943 2684 2065 2747 hac
2088 2704 2234 2747 cum
2270 2681 2827 2746 commendatione

378 2795 400 2840 1
420 2784 596 2853 Con-A,
615 2786 836 2868 gratiae
879 2785 1037 2849 tuae‘
1075 2783 1243 2861 dici3
1287 2795 1361 2850 ut
1403 2787 1515 2869 qui
1564 2786 1762 2862 videt,
1802 2807 1931 2847 non
1972 2786 2067 2847 sic
2104 2786 2420 2864 ,qlorietur
2462 2784 2655 2866 quasi
2696 2803 2829 2844 non

373 2859 402 2905 ⁷
610 2889 956 2967 acceperit,
1003 2906 1137 2948 non
1188 2887 1394 2950 solum
1442 2886 1510 2948 id
1566 2885 1742 2969 quod
1787 2885 1983 2963 videt,
2032 2884 2147 2947 sed
2204 2883 2398 2946 etiam
2446 2890 2523 2946 ut
2569 2882 2821 2947 videat:

611 2985 796 3070 (quid
821 2988 995 3050 enim
1034 2985 1225 3049 habet
1263 2987 1434 3070 quod
1468 3007 1597 3049 non
1635 2988 1886 3065 accepit
1901 2984 1960 3067 ἓ)
2008 2992 2073 3048 et
2100 2992 2175 3047 ut
2202 2993 2286 3061 te,
2317 2983 2429 3067 qui
2471 3004 2541 3046 es
2572 3003 2827 3067 semper

607 3087 800 3179 idem,
829 3110 963 3150 non
1001 3089 1210 3150 solum
1249 3086 1666 3150 admoneatur
1700 3094 1773 3149 ut
1798 3086 2034 3164 videat,
2064 3084 2179 3150 sed
2222 3086 2414 3149 etiam
2454 3094 2719 3149 sanetur
2754 3094 2830 3149 ut

609 3194 854 3250 teneat:
895 3184 982 3249 'et
1023 3189 1139 3269 qui
1182 3186 1261 3249 de
1305 3188 1651 3270 lonqinquo
1696 3186 1909 3249 videre
1951 3208 2080 3249 non
2113 3194 2351 3267 potest,
2392 3186 2562 3249 viam
2606 3195 2827 3249 tamen

373 3295 515 3343 Rom.
544 3296 592 3353 7,
610 3286 894 3347 ambulet
937 3305 1067 3367 qua
1103 3286 1340 3365 veniat,
1372 3293 1436 3348 et
1471 3286 1705 3365 videat,
1734 3295 1799 3350 et
1841 3293 2055 3349 teneat
2070 3309 2089 3362 3
2136 3286 2291 3368 quia
2331 3286 2454 3347 etsi
2496 3286 2823 3347 condelec-

371 3360 452 3407 22.
475 3360 554 3407 23.
609 3392 786 3447 tetm-
834 3386 1016 3446 homo
1065 3386 1194 3464 leyi
1243 3386 1376 3446 Dei
1421 3386 1773 3448 secundum
1833 3387 2205 3449 interiorem
2266 3388 2609 3463 hominem,
2661 3386 2824 3469 quid

603 3485 800 3549 faciet
842 3484 923 3547 de
965 3485 1105 3546 alia
1151 3486 1284 3564 leye
1324 3489 1399 3546 in
1441 3485 1743 3549 membris
1784 3488 1941 3562 suiS,
1967 3494 2371 3565 repnqnante
2414 3488 2543 3566 leyi
2583 3488 2825 3549 mentis

605 3608 758 3664 suoe,
804 3594 870 3649 et
925 3606 992 3648 se
1050 3588 1382 3666 captivum
1440 3587 1717 3651 ducente
1772 3590 1844 3651 in
1897 3590 2029 3667 leqe
2073 3590 2357 3668 peccati,
2408 3610 2549 3672 quae
2600 3598 2699 3652 est
2746 3591 2822 3651 in

674 3840 699 3867 e
736 3835 831 3883 Per
851 3832 942 3882 hoc
971 3832 1098 3882 euim
1123 3833 1362 3884 Mediator
1383 3848 1466 3899 per
1489 3833 1617 3897 quod
1636 3841 1685 3882 et
1747 3834 1880 3883 obest
1903 3834 2084 3890 humili,
2097 3836 2155 3885 de
2177 3842 2305 3883 tauto
2324 3832 2577 3883 intervallo
2594 3848 2693 3881 non
2714 3848 2823 3882 eam

614 3897 770 3958 homo,
794 3914 878 3963 per
898 3897 992 3947 hoc
1012 3906 1060 3947 et
1080 3898 1172 3945 via.
1239 3899 1479 3955 Quoniam
1501 3896 1540 3945 si
1562 3897 1681 3945 inter
1746 3898 1924 3955 videre,
1946 3899 1996 3947 in
2018 3899 2101 3947 illo
2124 3900 2251 3964 ligno
2272 3900 2332 3949 ad
2352 3914 2457 3949 eam
2477 3898 2704 3955 venienti,
2724 3912 2824 3961 quo

607 3978 716 4011 eum
745 3963 827 4027 qui
860 3962 1029 4019 tendit,
1051 3971 1100 4011 et
1128 3961 1249 4009 illud
1285 3978 1379 4026 quo
1412 3961 1580 4020 tendit,
1604 3961 1682 4010 via
1747 3961 2028 4026 dedignatur
2058 3964 2143 4012 ille
2173 3964 2377 4029 portari!
2444 3963 2578 4026 Aug.
2598 3964 2660 4011 de
2680 3962 2816 4010 Trin.

607 4027 761 4076 media
782 4034 868 4083 est,
892 4042 998 4091 spes
1015 4034 1085 4075 est
1104 4026 1439 4091 perveniendi3
1463 4026 1503 4073 si
1526 4033 1681 4077 autem
1746 4025 1808 4073 iv.
1836 4030 1912 4076 15.

608 4090 744 4148 desit,
769 4099 852 4138 aut
871 4089 1111 4154 ignoretur
1127 4106 1222 4154 qua
1240 4090 1450 4139 eundum
1471 4090 1546 4147 sit,
1563 4091 1679 4154 quid
1806 4086 1830 4123 f
1859 4090 2101 4139 Altissimo
2123 4092 2299 4156 quippe
2322 4106 2379 4140 ac
2408 4089 2723 4141 saluberrimo
2742 4104 2821 4137 sa·

608 4154 792 4218 prodest
827 4169 958 4203 nosse
976 4170 1072 4219 quo
1093 4155 1298 4203 eundum
1325 4154 1414 4203 sit‘l
1470 4153 1597 4215 Aug.
1618 4154 1679 4202 de
1744 4164 1999 4209 eramento.
2020 4156 2239 4204 universa
2271 4155 2434 4213 facies,
2468 4164 2629 4219 atque,
2665 4160 2721 4202 ut
2754 4154 2822 4201 ita

609 4217 718 4266 Civ.
739 4217 853 4275 Dei,
876 4218 910 4264 l.
933 4218 996 4265 xi.
1019 4233 1067 4267 c.
1085 4220 1137 4267 2.
1191 4218 1322 4277 Quid
1343 4218 1468 4267 enim
1493 4218 1679 4283 prodest
1740 4218 1953 4276 dixerim,
1972 4220 2136 4267 vultus
2152 4226 2419 4268 sanctarum
2445 4220 2819 4285 scripturarum,

605 4281 908 4346 superbienti,
921 4290 968 4330 et
985 4284 1047 4331 ob
1071 4281 1158 4330 hoc
1179 4282 1472 4331 erubescenti
1493 4282 1677 4345 lignum
1741 4284 1863 4331 bene
1881 4283 2113 4333 intuentes
2132 4283 2182 4332 id
2208 4283 2455 4333 admonere
2484 4284 2742 4340 invenitur,
2766 4288 2819 4329 ut

610 4343 812 4409 [crucis]
835 4347 1164 4403 conscendere,
1185 4348 1246 4395 de
1277 4346 1437 4410 longia
1473 4363 1534 4395 uo
1567 4360 1672 4411 pro·
1737 4346 1817 4410 qui
1842 4347 2063 4409 gloriatur
2084 4348 2135 4396 in
2158 4348 2366 4399 Domino
2387 4348 2628 4413 glorietur.
2684 4347 2816 4410 Aug.

606 4407 786 4473 spicere
807 4410 1004 4475 patriam
1021 4409 1409 4460 transmarinam!
1494 4417 1544 4460 ut
1558 4408 1673 4474 quid
1739 4410 1982 4466 Euchirid.
2008 4428 2053 4461 c,
2080 4413 2161 4462 98.
