3042 5059
665 361 786 422 174
1213 355 1281 420 S.
1327 353 1843 419 AUGUSTINI
1888 351 2315 418 EPISCOPI

752 515 850 575 13.
915 510 1021 574 Ibi
1063 519 1215 574 sunt
1255 510 1474 574 omnia
1521 509 1823 574 distincte
1873 507 2351 593 generatimque
2402 513 2672 582 servata,
2722 527 2882 590 quae

658 635 778 678 suo
801 633 1076 698 quaeque
1097 611 1278 676 aditu
1303 612 1559 694 ingesta
1589 621 1776 690 sunt3
1806 611 1978 676 sicut
2002 613 2119 674 lux
2148 619 2343 694 atque
2370 632 2593 675 omnes
2622 611 2882 674 colores

655 715 1004 799 formaeque
1064 735 1402 798 corporum
1457 735 1575 797 per
1630 715 1891 790 ocu10s3
1964 734 2082 796 per
2138 733 2323 776 aures
2380 721 2594 776 autem
2656 713 2884 774 omnia

658 839 894 899 genera
922 839 1256 880 sonorum:
1303 838 1653 901 omnesque
1698 817 1925 880 odores
1966 837 2084 900 per
2121 815 2365 880 aditum
2402 815 2691 890 narium3
2738 835 2879 876 om-

655 941 774 982 nes
817 939 1078 1002 sapores
1120 940 1238 1002 per
1277 919 1408 982 oris
1451 918 1733 996 aditum;
1780 939 1819 981 a
1848 938 2041 981 sensu
2080 925 2297 980 autem
2336 917 2533 980 totius
2562 916 2877 998 corporis,

657 1022 819 1108 quid
863 1022 1114 1099 durum,
1145 1021 1302 1106 quid
1343 1023 1560 1100 molle,
1592 1022 1751 1106 quid
1793 1021 2076 1086 calidum
2120 1020 2526 1102 frigidumve,
2568 1021 2718 1082 lene
2764 1028 2878 1082 aut

651 1144 972 1206 asperum,
1025 1144 1214 1204 grave
1263 1143 1379 1186 seu
1425 1125 1591 1201 leve,
1636 1124 1772 1187 sive
1830 1123 2230 1186 extrinsecus
2288 1122 2425 1185 sive
2481 1121 2875 1184 intrinsecus

653 1225 926 1307 corpori.
1037 1225 1204 1287 Haec
1265 1223 1480 1287 omnia
1534 1224 1767 1308 recipit
1818 1223 2161 1288 recolenda
2216 1245 2365 1287 cum
2424 1243 2593 1306 opus
2652 1231 2756 1285 est
2806 1230 2876 1284 et

651 1324 1050 1390 retractanda
1096 1324 1352 1406 grandis
1395 1326 1717 1389 memoriae
1765 1347 2076 1404 recessuS,
2106 1334 2171 1388 et
2206 1325 2429 1388 nescio
2476 1324 2597 1408 qui
2640 1323 2875 1386 secreti

651 1434 846 1510 atque
873 1425 1234 1490 ineffabiles
1267 1425 1446 1489 sinus
1473 1425 1653 1510 ejus3
1698 1447 1845 1510 quae
1884 1427 2101 1489 omnia
2138 1425 2273 1488 suis
2314 1446 2593 1509 quaeque
2622 1425 2869 1487 foribus

651 1528 890 1592 intrant
915 1526 1001 1591 ad
1025 1548 1190 1604 eam,
1219 1534 1286 1590 et
1310 1534 1709 1610 reponuntur
1734 1527 1804 1589 in
1832 1549 1927 1592 ea.
2017 1529 2159 1590 Nec
2188 1527 2334 1610 ipsa
2360 1536 2575 1590 tamen
2604 1527 2871 1602 intrant,

653 1628 767 1692 sed
815 1650 1026 1692 rerum
1073 1649 1402 1692 sensarum
1450 1628 1765 1710 imagines
1822 1628 1958 1692 illic
2006 1635 2240 1711 praesto
2293 1637 2443 1692 sunt
2486 1627 2873 1709 cogitationi

649 1730 1083 1794 reminiscenti
1133 1751 1262 1794 eas,
1349 1731 1514 1803 Quae
1566 1729 1891 1814 quomodo
1934 1730 2259 1794 fabricatae
2312 1731 2442 1792 sint
2489 1729 2636 1814 quis
2690 1729 2871 1806 dicit,

651 1853 801 1896 cum
840 1841 1148 1916 appareat
1185 1832 1422 1916 quibus
1463 1833 1761 1896 sensibus
1798 1838 1997 1915 raptae
2039 1832 2169 1895 sint
2204 1832 2605 1916 interiusque
2641 1853 2872 1894 recon-

649 1933 847 1997 ditae?
897 1935 1069 1996 Nam
1111 1941 1178 1996 et
1217 1934 1288 1996 in
1332 1934 1611 1998 tenebris
1654 1942 1847 2018 atque
1890 1935 1961 1995 in
2006 1933 2261 1996 silentio
2308 1933 2462 1996 dum
2504 1933 2754 2011 habitu,
2800 1934 2874 1996 in

649 2034 958 2098 memoria
1011 2031 1202 2098 mea·
1261 2035 1537 2119 profero,
1582 2035 1639 2098 si
1682 2036 1850 2111 volo,
1894 2035 2178 2111 colores3
2250 2042 2317 2097 et
2358 2033 2657 2098 discerno
2704 2035 2875 2097 inter

653 2137 870 2200 album
903 2145 969 2199 et
1003 2137 1278 2218 nigrum,
1307 2145 1375 2200 et
1399 2138 1566 2200 inter
1594 2158 1757 2221 quos
1786 2138 1947 2202 alios
1974 2139 2158 2200 volo:
2206 2157 2325 2200 nec
2356 2137 2698 2200 incummt
2722 2137 2873 2200 soni

651 2247 844 2322 atque
883 2240 1259 2321 perturbant
1287 2237 1464 2321 quod
1501 2260 1622 2322 per
1650 2240 1871 2303 oculos
1899 2239 2203 2302 haustum
2233 2237 2595 2316 considem,
2626 2260 2777 2302 cum
2806 2245 2879 2301 et

649 2340 779 2423 ipsi
807 2340 902 2402 ibi
932 2341 1083 2417 sint,
1111 2349 1177 2403 et
1205 2341 1392 2424 quasi
1421 2362 1708 2406 seorsum
1736 2341 1999 2424 repositi
2026 2342 2286 2404 lateant.
2375 2342 2548 2404 Nam
2580 2351 2651 2404 et
2688 2341 2874 2424 ipsos

649 2465 852 2526 posco
883 2443 938 2506 si
966 2445 1198 2526 placet,
1229 2451 1422 2527 atque
1451 2443 1688 2506 adsunt
1726 2442 1921 2506 illico.
2010 2444 2103 2506 Et
2132 2443 2502 2527 quiescente
2529 2442 2766 2523 lingua
2792 2463 2873 2505 ac

653 2548 879 2610 silente
925 2554 1175 2628 gutture
1217 2555 1407 2610 canto
1452 2556 1765 2630 quantum
1802 2548 1987 2625 volo;
2030 2547 2481 2630 imaginesque
2516 2547 2649 2609 illae
2694 2547 2873 2609 colo-

650 2670 791 2711 mm
851 2671 995 2732 quae
1046 2647 1468 2711 nihilominus
1521 2649 1617 2711 ibi
1675 2655 1843 2724 sunt,
1892 2670 2025 2712 non
2076 2669 2145 2712 se
2190 2648 2609 2731 interponunt
2652 2667 2872 2730 neque

581 2747 590 2756 ’
650 2749 1140 2832 interrumpunt,
1169 2771 1318 2811 cum
1347 2751 1682 2812 thesaurus
1725 2750 1889 2813 alius
1924 2758 2297 2814 retractatur
2336 2749 2449 2834 qui
2484 2747 2761 2811 influxit
2784 2750 2869 2811 ab

651 2850 931 2914 auribus.
1023 2852 1126 2912 Ita
1168 2859 1400 2914 caetera
1443 2872 1589 2935 quae
1632 2873 1749 2935 per
1792 2873 2017 2916 sensus
2064 2860 2329 2916 caeteros
2372 2852 2628 2932 ingesta
2670 2858 2870 2934 atque

653 2959 962 3032 congesta
1005 2961 1173 3029 sunt,
1218 2951 1512 3015 recordor
1552 2961 1746 3036 prout
1784 2954 1980 3016 libet:
2044 2962 2112 3016 et
2144 2974 2363 3017 auram
2405 2953 2691 3014 liliorum
2734 2951 2867 3014 dis-

651 3073 842 3117 cerno
887 3075 928 3116 a
978 3054 1186 3130 violis,
1227 3054 1391 3116 ni-hil
1437 3053 1782 3132 olfaciens3
1836 3063 1902 3118 et
1936 3056 2061 3117 mel
2101 3054 2372 3133 defruto,
2409 3055 2557 3116 lene
2609 3075 2865 3136 aspero,

649 3153 814 3217 nihil
859 3162 1016 3218 tunc
1068 3154 1385 3236 gustando
1435 3176 1649 3239 neque
1700 3155 2175 3233 contrectandO,
2228 3155 2341 3219 sed
2389 3154 2865 3218 reminiscendo

651 3263 992 3338 antepono.

743 3360 841 3418 14.
889 3358 1072 3419 Intus
1116 3357 1258 3419 haec
1311 3377 1458 3437 agn,
1503 3356 1573 3418 in
1624 3358 1773 3420 aula
1819 3357 2067 3438 ingenti
2110 3357 2432 3420 memoriae
2479 3379 2660 3421 meae.
2752 3359 2861 3421 Ibi

651 3457 824 3520 enim
853 3457 1012 3520 mihi
1041 3459 1275 3521 coelum
1303 3466 1370 3521 et
1397 3464 1563 3522 terra
1594 3467 1662 3521 et
1702 3481 1873 3522 mare
1912 3469 2147 3543 praesto
2180 3467 2349 3537 sunt,
2378 3481 2528 3523 cum
2558 3460 2863 3523 omnibus

653 3582 798 3644 quae
839 3561 910 3621 in
951 3562 1046 3623 eis
1091 3562 1322 3624 sentire
1365 3564 1570 3645 potui,
1604 3573 1836 3646 praeter
1869 3565 1981 3627 illa
2018 3586 2165 3648 quae
2208 3564 2449 3627 oblitus
2498 3585 2660 3628 sum.
2752 3565 2859 3627 Ibi

649 3662 814 3724 mihi
862 3670 927 3725 et
970 3663 1110 3745 ipse
1161 3683 1446 3740 occurro,
1497 3686 1727 3748 meque
1778 3667 2015 3742 re0010,
2062 3665 2242 3750 quid,
2296 3665 2577 3750 quand0‚
2626 3673 2692 3728 et
2741 3666 2857 3729 ubi

650 3763 912 3845 egerim,
943 3785 1202 3848 quoque
1231 3762 1424 3826 modo
1457 3787 1605 3828 cum
1634 3787 1890 3847 agerem
1920 3769 2189 3830 affectus
2225 3767 2471 3830 fuerim.
2563 3769 2671 3830 Ibi
2707 3779 2861 3832 sunt

653 3865 871 3930 omnia
891 3888 1036 3950 quae
1067 3866 1200 3928 sive
1221 3875 1488 3949 experta
1517 3889 1557 3930 a
1582 3889 1685 3930 me
1716 3869 1849 3931 sive
1878 3867 2121 3932 credita
2148 3868 2429 3931 memini.
2489 3870 2603 3932 Ex
2631 3868 2858 3932 eadem

655 3968 845 4051 copia
887 3967 1078 4030 etiam
1126 3967 1578 4031 similitudines
1621 3990 1832 4032 rerum
1876 3971 1980 4032 vel
2024 3979 2449 4052 expertarum,
2484 3972 2589 4033 vel
2634 3993 2720 4034 ex
2765 3973 2859 4034 eis

653 4091 817 4154 quas
873 4078 1180 4153 expertus
1239 4091 1380 4132 sum
1439 4069 1844 4149 creditarum,
1903 4071 2063 4134 alias
2122 4081 2315 4155 atque
2376 4071 2535 4135 aiias
2594 4081 2662 4135 et
2714 4073 2857 4156 ipse

653 4179 931 4234 contexo
981 4171 1354 4255 praeterifis3
1409 4179 1603 4256 atque
1650 4194 1736 4235 ex
1786 4173 1890 4236 his
1936 4172 2130 4235 etiam
2173 4172 2416 4236 futuras
2460 4173 2749 4237 actiones
2796 4181 2859 4236 et

655 4283 882 4351 eventa
907 4281 975 4336 et
1003 4295 1172 4358 speS,
1203 4281 1268 4336 et
1304 4273 1447 4336 haec
1477 4275 1695 4338 omnia
1722 4296 1939 4338 rursus
1970 4274 2156 4358 quasi
2182 4276 2529 4358 praesentia
2565 4275 2853 4339 meditor.

653 4377 694 4408 “
728 4375 988 4438 Faciam
1016 4375 1142 4438 hoc
1174 4370 1329 4437 aut'
1359 4374 1579 4452 illud,''
1612 4374 1760 4439 dico
1793 4375 1968 4459 apud
1996 4398 2099 4438 me
2139 4376 2209 4438 in
2236 4377 2381 4460 ipso
2420 4377 2671 4458 ingenti
2712 4377 2854 4440 sinu

655 4475 852 4537 animi
891 4476 1018 4538 mei
1057 4478 1253 4559 pleno
1292 4484 1392 4539 tot
1431 4486 1494 4541 et
1531 4485 1848 4541 tantarum
1874 4497 2083 4540 rerum
2110 4477 2538 4560 imaginibus3
2570 4479 2614 4511 “
2636 4487 2704 4541 et
2730 4478 2853 4542 hoc
