3042 5059
711 322 1432 388 CONFESSIONUM
1477 323 1763 386 LIBER.
1806 323 1927 386 XI.
2290 329 2415 386 225

208 477 469 558 dicitur,
492 477 531 510 “
556 477 965 561 Nunquam?²
987 477 1101 542 ubi
1137 497 1269 542 non
1307 486 1406 542 est
1439 487 1713 561 tempus.
1802 475 2033 551 Quod·
2068 499 2219 560 ergo
2258 478 2416 543 dici-

203 589 334 657 tur,
351 580 393 613 ‘⁶
409 599 740 662 nunquam
767 577 1054 657 fecisse,”
1073 577 1232 663 quid
1261 578 1435 643 aliud
1465 579 1697 643 dicitur
1723 579 1850 642 nisi
1867 581 1908 612 “
1926 581 2103 642 nullo
2133 587 2419 664 tempore

204 682 444 746 fecisse
463 679 525 743 ?'’
611 677 891 742 Videant
944 679 1164 764 itaque
1219 681 1470 744 nullum
1523 688 1777 764 tempus
1834 702 1974 744 esse
2030 702 2220 765 posse
2280 681 2417 744 sine

205 790 557 860 creatur-21⁰,
601 787 668 844 et
711 779 1006 844 desinant
1044 781 1234 844 istam
1270 783 1627 844 vanitatem
1661 783 1856 865 loqui.
1944 783 2419 844 Extendantur

203 885 408 947 etiam
460 885 532 946 in
589 904 669 945 ea
725 901 868 965 quae
923 890 1082 945 ante
1137 891 1314 960 sunt,
1363 892 1427 947 et
1480 882 1847 964 intelligant
1894 891 1957 946 te
2007 891 2154 946 ante
2204 883 2421 947 omnia

201 993 501 1068 tempora
541 992 849 1047 aeternum
893 991 1240 1047 creatorem
1283 981 1569 1046 omnium
1612 992 1990 1065 temporum,
2033 1004 2244 1068 neque
2287 983 2421 1047 ulla

203 1097 505 1174 tempora
540 1087 658 1151 tibi
697 1107 836 1150 esse
866 1095 1204 1167 coaeterna,
1231 1107 1351 1150 nec
1386 1087 1583 1150 ullam
1613 1094 1986 1168 creaturam,
2017 1087 2208 1151 etiam
2238 1087 2293 1150 si
2322 1097 2421 1152 est

202 1191 432 1276 aliqua
457 1211 654 1275 supra
677 1199 984 1274 tempora.
2078 1257 2085 1266 ,

295 1299 400 1358 41.
446 1293 724 1357 Domine
755 1293 940 1356 Deus
968 1315 1170 1372 moue,
1198 1294 1348 1379 quis
1383 1295 1492 1360 ille
1534 1297 1713 1360 sinus
1751 1303 1849 1360 est
1886 1297 1999 1360 alti
2040 1296 2265 1360 secreti
2300 1295 2417 1373 tui,
2450 1317 2642 1366 xxxl.

201 1403 280 1458 et
305 1417 501 1480 quam
541 1395 736 1475 longe
771 1393 926 1462 inde
961 1416 1064 1458 me
1101 1396 1510 1482 projecerunt
1548 1397 2005 1481 consequentia
2038 1395 2416 1464 delictorum
2434 1383 2646 1495 §zonamq-

199 1494 542 1561 meorum?
633 1499 806 1561 Sana
861 1498 1085 1562 oculos
1152 1519 1352 1576 meoS,
1401 1497 1507 1562 et'
1562 1498 2004 1580 congaudeam
2070 1499 2203 1564 luci
2271 1507 2418 1564 tuae.
2437 1462 2607 1560 uosccl'tg

202 1598 402 1662 Certe
460 1598 518 1662 si
578 1608 678 1662 est
739 1608 869 1662 tam
937 1598 1165 1680 grandi
1233 1600 1503 1664 scientia
1570 1607 1634 1663 et
1700 1598 2104 1684 praescientia
2170 1601 2421 1684 pollens
2439 1576 2633 1690 2233„

199 1699 486 1777 animus,
534 1700 641 1764 cui
692 1708 927 1764 cuncta
972 1700 1293 1785 praeterita
1341 1709 1406 1764 et
1451 1699 1665 1764 futura
1710 1701 1803 1765 ita
1850 1712 2007 1766 nota
2054 1700 2204 1779 sint,
2254 1702 2423 1767 sicut
2436 1656 2499 1753 3⁰
2514 1719 2647 1754 οη*-

199 1802 372 1865 mihi
437 1811 638 1866 unuin
704 1803 1028 1868 canticum
1095 1803 1531 1882 notissimum3
1603 1804 1875 1867 nimium
1941 1805 2253 1870 mirabilis
2322 1816 2421 1870 est
2438 1777 2557 1818 tura.

198 1905 460 1967 animus
506 1905 652 1982 iste,
701 1912 894 1988 atque
953 1903 1038 1968 ad
1094 1904 1416 1968 horrorem
1476 1904 1867 1988 stupendus:
1930 1906 2173 1989 quippe
2225 1927 2419 1991 quem

195 2005 300 2069 ita
356 2027 488 2076 non
550 2007 750 2070 lateat
803 2003 1123 2090 quidquid
1185 2013 1537 2088 peractum,
1597 2015 1663 2070 et
1717 2004 2037 2091 quidquid
2100 2008 2419 2092 reliquum

198 2107 591 2170 saeculorum
627 2115 766 2184 est;
819 2105 1356 2191 quemadmodum
1383 2128 1647 2178 menon
1674 2109 1830 2174 latet
1856 2116 2220 2180 cantantem
2258 2107 2423 2175 illud

197 2208 552 2285 canticum,
597 2205 758 2292 quid
799 2216 866 2272 et
905 2214 1216 2292 quantum
1257 2207 1398 2292 ejus
1441 2208 1670 2272 abierit
1708 2209 1791 2275 ab
1830 2208 2121 2287 exordio,
2156 2208 2316 2294 quid
2356 2221 2425 2274 et

197 2318 520 2396 quantum
557 2319 758 2378 restet
795 2307 880 2378 ad
921 2309 1136 2374 finem.
1227 2308 1356 2375 Sed
1400 2309 1571 2372 absit
1611 2323 1685 2373 ut
1725 2319 1796 2382 tu
1840 2309 2131 2384 conditor
2170 2311 2419 2376 univer-

199 2413 440 2490 sitatis}
467 2411 763 2500 conditor
803 2411 1160 2480 animarum
1203 2420 1268 2474 et
1309 2432 1671 2494 corporum,
1714 2412 1885 2476 absit
1926 2420 1997 2483 ut
2037 2412 2130 2477 ita
2170 2413 2423 2476 noveris

199 2515 428 2578 omnia
485 2513 702 2581 futura
771 2521 836 2579 et
897 2512 1234 2596 praeterita.
1323 2513 1549 2595 Longe
1618 2522 1710 2591 tu,
1781 2514 1974 2594 longe
2044 2513 2422 2591 mirabilius,

197 2617 528 2699 longeque
585 2615 910 2678 secretius.
1001 2614 1234 2697 Neque
1290 2613 1460 2680 enim
1509 2613 1681 2678 sicut
1732 2621 1888 2684 nota
1932 2613 2251 2681 cantantis
2304 2635 2419 2677 no-

197 2725 423 2782 tumve
480 2716 800 2782 canticum
858 2713 1198 2791 audientis,
1245 2714 1733 2797 exspectatione
1789 2736 2019 2780 vocum
2072 2713 2423 2780 futurarum

199 2827 270 2884 et
328 2817 634 2884 memoria
685 2816 1148 2903 praeteritarum
1205 2817 1482 2883 variatur
1538 2819 1827 2894 affectuS,
1882 2837 2235 2901 sensusque
2292 2816 2421 2882 dis-

199 2920 527 2997 tenditur3
589 2919 682 2982 ita
739 2918 861 2982 tibi
917 2917 1166 3002 aliquid
1217 2917 1459 2982 accidit
1509 2917 2114 2984 incommutabiliter
2159 2927 2422 2998 κεῖθι-κιο,

199 3023 336 3088 hoc
374 3031 494 3100 est,
520 3043 666 3088 vere
709 3031 946 3088 aeterno
983 3021 1252 3088 creatori
1293 3020 1605 3086 mentium
1616 3025 1659 3084 Ρ.
1751 3021 1935 3086 Sicut
1960 3041 2115 3102 ergo
2140 3021 2314 3084 nosti
2350 3022 2420 3084 in

198 3123 528 3208 principio
585 3124 819 3188 coelum
873 3132 941 3186 et
995 3130 1226 3189 terram
1281 3121 1419 3192 sine
1469 3122 1773 3186 varietate
1829 3123 2075 3189 notitiae
2134 3131 2282 3200 tuae‚
2328 3123 2421 3186 ita

176 3226 422 3309 fecisti
445 3228 520 3290 in
542 3225 874 3306 principio
901 3225 1134 3286 coelum
1164 3231 1232 3287 et
1260 3230 1504 3286 terram
1536 3223 1675 3286 sine
1696 3220 2128 3288 distentione'
2148 3224 2421 3290 actionis

201 3335 356 3392 tuae.
461 3327 592 3400 Qui
637 3325 960 3408 intelligit,
1005 3324 1384 3389 confiteatur
1426 3323 1586 3400 tibi3
1644 3333 1712 3388 et
1753 3325 1867 3408 qui
1916 3347 2049 3388 non
2097 3326 2421 3407 intelligit,

201 3430 586 3498 confiteatur
613 3429 754 3494 tibi.
845 3430 902 3492 Ο
934 3449 1128 3513 quam
1167 3428 1463 3492 excelsus
1493 3449 1584 3501 eS‚
1618 3438 1685 3492 et
1723 3428 2001 3493 humiles
2041 3428 2231 3492 corde
2272 3436 2422 3492 sunt

203 3531 441 3596 domus
485 3529 631 3596 tua!
701 3532 798 3596 Tu
849 3530 1020 3594 enim
1066 3532 1264 3611 eriyis
1310 3530 1515 3605 elisos,
1564 3539 1631 3592 et
1680 3551 1812 3593 non
1862 3530 2103 3594 cadunt
2149 3551 2418 3615 quorum
2435 3539 2520 3589 Pa.
2546 3540 2658 3601 145,

203 3633 524 3697 celsitudo
551 3642 624 3696 tu
651 3654 740 3697 es.
2436 3605 2484 3655 ⁸·

271 3883 300 3910 ⁰
331 3879 386 3928 Si
405 3879 532 3930 euim
555 3889 680 3930 reete
697 3881 1027 3930 discernuntur
1045 3881 1280 3958 ,κωπίω
1343 3881 1541 3930 consilio
1564 3882 1823 3946 repentino,
1837 3883 2080 3956 quod-non
2092 3897 2150 3930 ex
2168 3881 2422 3956 aeternitate

204 3951 328 4056 {313⁶
329 3946 647 4060 3353?ssss
663 3954 790 4060 ‘2¹23
793 3945 1280 4069 ”22123'0'2‘23212'212
1345 3945 2077 4076 522222‘3233321'3333'52
2091 3945 2420 4073 ςῗέὲζὲἱὲἰ

204 4080 366 4122 nutem
390 4073 525 4122 nulla
543 4076 738 4124 mutatio
751 4085 852 4134 θεῖς
889 4075 993 4140 quis
1014 4090 1109 4123 non
1129 4075 1285 4123 videat
1346 4083 1430 4124 nat
1469 4073 1759 4131 mirabiliter,
1800 4073 1916 4138 ipse,
1957 4087 2053 4121 non
2099 4073 2417 4138 temporaliter

239 4137 341 4186 uod
373 4145 586 4204 tempora
607 4155 701 4188 non
722 4140 917 4190 fuissent
950 4140 1039 4189 nisi
1069 4147 1288 4189 creatura
1347 4147 1518 4197 motus,
1548 4138 1682 4203 quasi
1718 4153 1767 4186 re
1830 4137 1961 4186 ntina
1988 4136 2229 4186 voluntate
2263 4137 2419 4188 facere

241 4210 361 4260 eret,
382 4218 490 4266 quo
513 4202 691 4267 aliquid
714 4203 876 4269 aliqua
897 4204 1152 4253 mutatione
1181 4219 1285 4253 mu·
1348 4204 1536 4260 dicitur,
1558 4203 1683 4268 quod
1702 4218 1753 4251 or
1788 4201 1923 4250 inatis
1944 4216 2093 4250 rerum
2126 4201 2278 4252 causis
2306 4218 2417 4250 con·

205 4267 365 4315 taret}
429 4268 559 4332 Aug.
595 4268 656 4317 de
697 4269 804 4318 Civ.
840 4270 952 4322 Dei.
982 4271 1019 4317 1.
1051 4269 1111 4318 xi.
1152 4285 1200 4318 c.
1235 4269 1288 4318 6.
1351 4268 1444 4317 sitii
1480 4265 1556 4316 sui
1586 4265 1881 4316 secretissimi
1913 4266 2286 4315 immutabilitate
2323 4266 2419 4314 dis-

205 4329 334 4380 vide
369 4329 450 4378 inf.
475 4332 508 4380 l.
529 4331 610 4381 xii.
633 4347 676 4382 c.
701 4334 779 4381 29.
801 4334 890 4382 sub
913 4333 995 4382 fin.
1347 4332 1516 4398 posuit,
1532 4348 1627 4396 qun
1642 4331 1736 4381 suis
1749 4346 1949 4395 quaeque
1962 4332 2248 4396 temporibus
2261 4331 2423 4394 agnita

273 4401 302 4440 Ρ
336 4393 486 4460 Apud
529 4397 688 4445 Deum
734 4397 922 4461 quidem
973 4397 1192 4462 disposita
1238 4405 1286 4446 et
1347 4405 1396 4446 et
1431 4396 1679 4463 presentia
1716 4394 1846 4453 facit,
1878 4403 1928 4444 et
1962 4395 2119 4443 futura
2150 4395 2252 4461 jam
2294 4395 2419 4446 fecit.

205 4459 306 4510 fixa
339 4469 452 4510 suut
483 4461 670 4519 omniu
721 4477 808 4514 nec
839 4460 971 4514 aliud
1004 4460 1133 4519 facit,
1153 4461 1288 4528 quasi
1349 4464 1481 4527 Aug.
1502 4461 1554 4510 in
1579 4462 1795 4517 Ps.105,
1818 4461 1899 4509 45.
1920 4461 1963 4522 §0
1982 4460 2065 4512 35.

1305 4562 1348 4614 Q
