3042 5059
606 411 729 473 188
1158 404 1227 468 S.
1271 400 1792 470 AUGUSTINI
1837 400 2256 467 EPISCOPI

362 576 507 628 habet
522 577 585 629 ιιι
600 556 1131 643 concupiscentia
1156 558 1509 635 oculorum,
1526 564 1593 619 et
1611 556 1962 620 ambitione
1991 556 2260 621 saeculi·.
2305 556 2350 619 J
2349 553 2572 619 ussisti
2595 576 2634 618 a
2653 575 2824 618 eon-

362 650 521 718 “9“““
600 661 856 736 cubitu;
892 666 959 723 et
986 658 1067 721 de
1094 658 1241 741 ipso
1268 656 1574 741 conjugio
1590 655 1824 719 melius
1843 656 2094 740 aliquid
2119 655 2422 721 monuisti
2438 678 2637 739 quam
2655 677 2826 720 con-

361 714 515 755 me!

360 768 568 819 amni·
600 760 867 827 cessisti.
910 760 1006 823 Et
1015 757 1321 841 quoniam
1332 754 1838 833 dedisti,facmm
1853 764 1954 820 est
1967 764 2036 819 et
2049 766 2392 840 anoequam
2403 755 2830 839 dispensator

360 832 589 883 libidinis.

368 912 391 959 1
410 910 583 969 John,

368 976 447 1025 16.

601 858 978 925 sacramenti
1006 857 1103 921 tui
1134 852 1381 919 fierem.'
1444 855 1579 920 Sed
1605 855 1819 919 adhuc
1847 855 2074 919 vivunt
2097 857 2169 919 in
2195 855 2502 923 memoria
2525 876 2696 932 mea,
2733 854 2828 919 de

600 982 735 1047 qua
758 962 965 1024 multa
990 961 1247 1023 locutus
1274 980 1441 1035 sum,
1460 958 1690 1021 talium
1715 978 1926 1021 rerum
1951 958 2290 1039 imagines,
2305 979 2466 1041 quas
2491 955 2631 1020 ibi·
2649 978 2826 1021 con-

600 1060 873 1127 suetudo
886 1081 1033 1123 mea
1048 1058 1223 1135 fixit3
1254 1067 1321 1122 et
1336 1073 1751 1123 occursantur
1767 1059 1928 1121 mihi
1937 1058 2230 1140 vigilanti
2249 1058 2510 1141 quidem
2519 1068 2830 1121 carentes

599 1163 867 1239 viribus,
892 1162 964 1225 in
1004 1160 1247 1223 somnis
1286 1168 1500 1223 autem
1537 1181 1668 1223 non
1709 1162 1918 1225 solum
1947 1182 2154 1245 usque
2183 1161 2268 1224 ad
2295 1160 2826 1237 delectationem,

602 1263 719 1329 sed
744 1264 938 1327 etiam
962 1282 1171 1347 usque
1197 1260 1283 1325 ad
1311 1262 1804 1326 consensionem
1830 1262 2202 1346 factumque
2232 1262 2640 1325 simillimum.
2723 1262 2832 1324 Et

600 1373 849 1430 tantum
878 1364 1051 1427 valet
1082 1361 1387 1443 imaginis
1420 1362 1640 1428 illusio
1675 1361 1750 1424 in
1789 1362 2005 1425 anima
2043 1382 2189 1425 mea
2225 1370 2293 1425 et
2325 1360 2398 1423 in
2429 1381 2613 1424 carne
2639 1382 2830 1440 mea,

604 1471 679 1531 ut
718 1463 1058 1529 dormienti
1098 1463 1264 1527 falsa
1299 1462 1439 1526 visa
1479 1462 1907 1545 persuadeant
1943 1462 2124 1546 quod
2163 1462 2458 1543 vigilanti
2491 1482 2637 1524 vera
2673 1482 2831 1525 non

603 1574 898 1651 possunt.
984 1564 1325 1649 Numquid
1350 1574 1507 1629 tunc
1537 1585 1660 1646 ego
1685 1584 1820 1629 non
1849 1586 2014 1644 sum,
2044 1565 2324 1627 Domine
2355 1566 2531 1627 Deus
2569 1584 2769 1626 meus
2795 1563 2822 1627 ἓ

610 1671 707 1733 Et
736 1678 951 1733 tamen
986 1676 1235 1733 tantum
1274 1668 1540 1731 interest
1581 1669 1748 1732 inter
1782 1670 2102 1751 meipsum
2139 1674 2206 1731 et
2243 1667 2593 1749 meipsum3
2635 1666 2833 1730 intra

608 1777 1005 1833 momentum
1048 1788 1178 1851 quo
1220 1766 1376 1829 hinc
1420 1766 1504 1829 ad
1547 1788 1843 1850 soporem
1884 1774 2158 1846 transeo,
2195 1769 2302 1830 vel
2345 1767 2476 1831 huc
2519 1764 2668 1828 inde
2719 1787 2832 1829 re-

612 1866 901 1932 transeo!
972 1867 1107 1931 Ubi
1145 1874 1244 1930 est
1278 1876 1433 1930 tunc
1474 1867 1658 1945 ratio,
1689 1888 1835 1950 quae
1872 1868 2110 1931 talibus
2151 1866 2668 1948 suggestionibus
2715 1887 2829 1929 re-

612 1968 783 2032 sistit
808 1966 1125 2047 vigilans?
1192 1968 1287 2030 Et
1314 1967 1369 2029 si
1394 1987 1497 2029 res
1523 1967 1685 2049 ipsae
1713 1966 2101 2049 ingerantur,
2119 1968 2506 2031 inconcussa
2529 1966 2834 2029 manet'.

612 2066 951 2151 Numquid
976 2066 1294 2130 clauditur
1323 2087 1473 2130 cum
1498 2064 1748 2132 oculis?
1795 2066 2113 2151 numquid
2155 2068 2404 2150 sopitur
2431 2087 2576 2131 cum
2604 2068 2830 2130 sensi-

609 2171 736 2232 bus
782 2165 1111 2250 corporis?
1200 2167 1293 2229 Et
1340 2166 1513 2229 unde
1563 2187 1738 2249 saepe
1787 2168 1980 2232 etiam
2028 2168 2098 2229 in
2147 2167 2388 2229 somnis
2433 2166 2834 2245 resistimuS,

612 2266 941 2349 nostrique
979 2264 1297 2347 propositi
1337 2285 1674 2345 memores,
1705 2274 1900 2350 atque
1935 2267 2006 2329 in
2045 2287 2124 2330 eo
2165 2265 2522 2330 castissime
2561 2284 2834 2348 perma-

614 2374 858 2444 nentes,
900 2366 1151 2428 nullum
1190 2364 1429 2427 talibus
1469 2365 1789 2431 illecebris
1833 2366 2216 2431 adhibemus
2259 2364 2628 2430 assensum?
2729 2368 2836 2431 Et

612 2476 829 2533 tamen
868 2474 1119 2531 tantum
1160 2464 1444 2543 interest,
1480 2472 1556 2529 ut
1597 2487 1746 2529 cum
1789 2467 1970 2530 aliter
2011 2466 2268 2545 accidit,
2306 2466 2686 2547 evigilantes
2741 2468 2833 2531 ad

614 2568 1026 2635 conscientiae
1052 2566 1338 2651 requiem
1364 2564 1736 2642 redeamus3
1779 2566 2051 2651 ipsaque
2080 2566 2386 2631 distantia
2419 2567 2831 2650 reperiamus

612 2692 735 2735 nos
768 2690 901 2732 non
936 2668 1187 2744 fecisse,
1216 2665 1394 2750 quod
1434 2674 1648 2729 nmen
1689 2664 1759 2727 in
1797 2666 1988 2729 nobis
2025 2688 2290 2751 quoquo
2330 2667 2527 2730 modo
2571 2666 2832 2731 factum
2876 2755 2886 2763 ῃ

616 2793 757 2836 esse
784 2770 1141 2833 doleamus.

700 2876 803 2933 42.
850 2868 1187 2953 Numquid
1240 2888 1374 2931 non
1421 2874 1654 2950 potens
1713 2866 1823 2931 es’
1869 2870 2050 2932 Deus
2107 2868 2541 2953 omnipotens,
2591 2890 2833 2935 sanare

612 2993 836 3037 omnes
869 2972 1211 3053 languores
1250 2969 1479 3034 animae
1514 2990 1696 3046 meae,
1725 2978 1918 3054 atque
1959 2970 2420 3035 abundantiore
2461 2971 2666 3053 gratia
2705 2982 2838 3037 tua

612 3074 890 3137 lascivos
944 3079 1157 3135 motus
1218 3070 1411 3133 etiam
1468 3068 1596 3131 mei
1661 3070 1910 3151 soporis
1974 3070 2422 3153 exstinguere?
2501 3073 2826 3153 Augebis,

615 3175 916 3250 Domine,
942 3172 1151 3253 magis
1192 3169 1528 3253 magisque
1571 3168 1641 3231 in
1683 3190 1786 3232 me
1827 3191 2092 3235 munera
2131 3180 2264 3249 tua,
2307 3181 2382 3234 ut
2423 3172 2640 3235 anima
2680 3194 2836 3235 mea

617 3281 919 3356 sequatur
948 3292 1052 3334 me
1082 3269 1165 3333 ad
1192 3277 1278 3346 te,
1307 3268 1848 3351 concupiscentiae
1887 3270 2065 3334 visco
2105 3270 2434 3355 expedita,
2460 3279 2538 3334 ut
2571 3293 2707 3336 non
2747 3274 2844 3335 sit

613 3373 871 3436 rebellis
902 3370 1049 3449 sibi,
1076 3377 1269 3453 atque
1299 3369 1467 3432 utin
1497 3369 1739 3431 somnis
1781 3370 1997 3450 etiam,
2024 3393 2158 3434 non
2186 3372 2393 3435 solum
2429 3394 2567 3435 non
2593 3394 2830 3455 perpe-

614 3478 738 3534 tret
775 3473 932 3535 istas
976 3471 1473 3553 corruptelarum
1520 3464 1950 3551 turpitudines
1991 3492 2108 3553 per
2155 3470 2470 3553 imagines
2515 3472 2832 3535 animales

615 3590 822 3653 usque
850 3570 933 3633 ad
961 3571 1173 3632 carnis
1207 3570 1479 3646 fluxum,
1510 3568 1623 3632 sed
1651 3589 1736 3631 ne
1773 3571 2134 3635 consentiat
2172 3571 2451 3655 quidem.
2542 3573 2719 3635 Nam
2753 3580 2836 3635 -ut

616 3668 781 3731 nihil
809 3669 937 3731 tale
972 3669 1071 3732 vel
1088 3668 1406 3730 tantillum
1427 3668 1630 3731 libeat
1641 3664 1694 3744 ’,
1717 3671 2094 3751 quantulum
2109 3670 2317 3752 possit
2340 3676 2504 3732 nutu
2524 3670 2834 3747 cohiberi,

681 3843 701 3873 ⁸
740 3838 859 3890 Hoc
882 3845 1041 3887 autem
1076 3838 1163 3887 tria
1197 3854 1367 3903 genera
1387 3838 1622 3894 vitiorum,
1643 3837 1694 3887 id
1757 3846 1915 3895 monte
1936 3839 2204 3899 constituto,
2219 3840 2526 3890 ostenduntur
2547 3842 2711 3891 omnia
2734 3858 2836 3905 reg-

616 3909 687 3953 est
708 3902 925 3967 voluptas
944 3902 1112 3959 carnis.
1134 3911 1183 3951 et
1203 3903 1437 3967 superbia,
1458 3910 1509 3951 et
1539 3902 1692 3951 curio·
1759 3916 1822 3949 na
1844 3902 1986 3966 hujus
2007 3912 2161 3962 terre,
2183 3912 2232 3952 et
2253 3905 2588 3969 promittuntur
2607 3905 2649 3953 si
2669 3907 2837 3953 adora-

617 3968 747 4023 sitas.
765 3967 926 4016 omnia
960 3974 1156 4032 peccata
1188 3966 1500 4015 concludunt.
1569 3966 1692 4023 Qum
1759 3965 1898 4013 verit:
1946 3982 2032 4031 per
2071 3968 2417 4029 emunitatem
2465 3968 2552 4017 ubi
2589 3968 2654 4017 de
2691 3969 2841 4035 pinna

619 4031 735 4079 mibi
755 4031 969 4080 videntur
998 4046 1029 4079 a
1063 4030 1283 4079 johanne
1316 4027 1545 4095 Apostolo
1577 4044 1698 4078 enu·
1757 4028 1919 4095 templi
1949 4031 2225 4079 admonetur
2255 4040 2307 4080 ut
2333 4048 2384 4081 se
2412 4032 2632 4081 deorsum
2667 4032 2862 4107 mittat„

619 4102 815 4143 memte.
883 4096 977 4143 Per
998 4094 1157 4143 oculos
1176 4093 1299 4142 enim
1318 4093 1520 4141 maxime
1541 4091 1694 4141 curio-
1757 4092 1968 4141 tentandi
1999 4094 2150 4156 gratia
2179 4102 2337 4143 utrum
2371 4096 2432 4144 ab
2463 4095 2546 4144 An
2605 4094 2669 4144 lis
2693 4110 2841 4145 susci·

619 4159 729 4206 sitas
764 4158 1005 4222 prevalet.
1072 4156 1281 4222 Reliqua
1301 4172 1412 4205 vero
1432 4171 1529 4219 quo
1555 4155 1694 4229 perti:
1759 4155 1926 4220 piatur.
1977 4157 2146 4221 Itaque
2165 4166 2469 4270 posteaquam
2487 4175 2520 4207 n
2575 4158 2625 4207 lo
2647 4159 2840 4209 istorum

622 4228 781 4278 neunt,
802 4220 1099 4269 manifestum
1120 4228 1206 4269 est.
1264 4221 1329 4269 Et
1349 4220 1433 4270 illa
1458 4218 1695 4267 Domimet
1759 4226 2043 4269 tentamento
2061 4220 2215 4270 valere
2235 4236 2331 4287 apu
2385 4236 2495 4271 eum
2519 4223 2675 4287 potuit
2688 4222 2840 4271 inimi·

619 4283 819 4331 bominis
836 4285 1030 4333 tentatio
1045 4283 1275 4359 tripartita
1288 4290 1379 4333 est:
1415 4298 1499 4347 per
1514 4282 1696 4337 cibum,
1759 4298 1862 4338 cus,
1884 4282 1976 4333 hoc
1997 4284 2057 4333 de
2077 4284 2162 4333 illo
2179 4284 2367 4344 dicitur,
2393 4291 2407 4313 ‘
2427 4288 2693 4349 Postquam
2710 4302 2838 4335 com-

620 4345 670 4392 id
696 4353 797 4415 est,-
816 4362 899 4409 per
926 4362 1079 4395 conen
1114 4347 1353 4396 ascentiam
1388 4345 1543 4395 carnis
1555 4364 1570 4405 ;
1611 4346 1696 4393 ubi
1759 4346 1902 4421 plevit
1915 4362 2102 4397 omnem
2115 4348 2416 4399 tentationem
2427 4350 2690 4400 diabolus?
2711 4349 2840 4413 Aug.

620 4415 903 4531 we
918 4407 1436 4533 „ma
1462 4416 1696 4519 sa
1761 4424 1812 4458 ω
1941 4412 1990 4459 ³·
2009 4426 2056 4461 v·

756 4499 767 4512 ·
1451 4488 1467 4527 3
1596 4502 1613 4529 e
