3042 5059
698 338 822 400 144
913 337 978 400 S.
1027 334 1541 399 AUGUSTINI
1589 334 2009 398 EPISCOPI
2056 334 2316 397 CONF.
2363 334 2536 396 LIB.
2585 330 2807 393 VIII.

690 512 760 553 se
803 476 1040 567 retulit,
1087 489 1375 572 mihique
1422 489 1689 572 aperuit.
1779 489 1909 552 Sed
1958 490 2073 553 tali
2123 488 2555 552 admonitione
2608 487 2934 549 firmatus

689 598 806 667 est,
855 590 1224 673 placitoque
1276 610 1352 651 ae
1401 588 1733 673 proposito
1788 591 1962 652 bono
2019 598 2084 651 et
2139 587 2723 668 congruentissimo
2788 583 2935 645 suis

688 690 994 767 moribus,
1046 688 1283 773 quibus
1329 708 1370 749 a
1417 709 1521 750 me
1564 688 1636 749 in
1678 687 1907 750 melius
1946 686 2086 771 jam
2137 688 2292 750 olim
2342 687 2528 750 valde
2572 687 2933 767 longeque

691 789 988 866 distabat,
1049 789 1185 850 sine
1242 786 1378 849 ulla
1433 788 1800 849 turbulenta
1868 787 2270 851 cunctatione
2340 788 2733 871 conjunctus
2802 793 2930 846 est.

692 891 853 954 Inde
883 891 966 954 ad
991 898 1258 953 matrem
1284 888 1711 969 ingredimur:
1755 888 2155 965 indicamus3
2204 889 2456 970 gaudet.
2547 892 2931 953 Narramus

694 990 1230 1075 quemadmodum
1274 995 1525 1068 gestum
1569 990 1687 1064 sit3
1732 990 2015 1052 exsultat
2057 998 2122 1050 et
2162 990 2549 1073 triumphat3
2596 998 2662 1052 et
2708 992 2929 1051 bene-

457 1108 584 1221 Egh.
603 1108 655 1167 3,
694 1091 949 1155 dicebat
968 1090 1109 1167 tibi,
1125 1090 1243 1174 qui
1260 1096 1489 1169 potens
1505 1110 1572 1151 es
1590 1092 1767 1151 ultra
1795 1110 1990 1173 quam
2010 1092 2300 1169 petimus
2326 1099 2447 1153 aut
2472 1092 2930 1171 intelliqimus

457 1174 490 1220 ²
524 1205 542 1223 ⁰
673 1195 928 1276 facere,
961 1191 1114 1275 quia
1141 1198 1318 1253 tanto
1348 1190 1624 1273 amplius
1652 1190 1776 1251 sibi
1806 1212 1845 1252 a
1873 1196 1936 1251 te
1966 1210 2343 1252 concessum
2374 1190 2454 1253 de
2483 1212 2587 1253 me
2618 1190 2928 1267 videbat,

697 1314 889 1376 quam
944 1298 1158 1376 petere
1210 1290 1456 1353 solebat
1501 1290 1973 1354 miserabilibus
2022 1291 2472 1375 flebilibusque
2534 1294 2926 1373 gemitibus,

697 1392 1082 1458 Convertisti
1128 1391 1300 1453 enim
1345 1412 1447 1453 me
1495 1389 1579 1453 ad
1622 1397 1708 1466 te,
1754 1398 1827 1452 ut
1872 1410 1993 1452 nec
2043 1411 2312 1453 uxorem
2357 1412 2733 1474 quaererem,
2788 1413 2925 1454 nec

696 1495 979 1578 aliquam
1023 1512 1206 1577 spem
1246 1492 1441 1576 hujus
1485 1492 1726 1568 saeculi,
1756 1500 1932 1555 stans
1974 1492 2042 1553 in
2085 1513 2165 1555 ea
2202 1495 2425 1574 regula
2451 1494 2647 1557 fidei‘
2669 1497 2750 1557 in
2782 1517 2927 1578 qua

467 1610 548 1659 Po.
565 1609 652 1666 29,
696 1617 800 1658 me
829 1603 979 1658 ante
1008 1602 1102 1657 tot
1130 1615 1332 1657 annos
1361 1593 1423 1655 ei
1450 1593 1859 1655 revelaveras.
1949 1594 2047 1655 Et
2085 1597 2454 1657 convertisti
2480 1598 2735 1658 luctum
2770 1597 2923 1679 ejus

465 1676 545 1722 ¹²·
695 1700 770 1759 in
807 1696 1126 1777 glaudium
1169 1697 1372 1758 multo
1413 1693 1677 1755 uberius
1720 1713 1915 1775 quam
1956 1694 2274 1772 voluerat3
2320 1703 2384 1758 et
2411 1698 2614 1758 multo
2645 1698 2924 1759 charius

701 1806 892 1881 atque
923 1796 1179 1877 casum,
1211 1816 1405 1878 quam
1435 1795 1514 1857 de
1544 1794 1891 1877 nepotibus
1918 1795 2128 1859 carnis
2155 1817 2315 1859 meae
2344 1797 2731 1882 requirebat.

1491 2022 1518 2061 Β
1554 2015 1667 2067 vid.
1689 2032 1793 2083 sup.
1816 2016 1852 2065 1.
1874 2016 1944 2066 iii.
1966 2032 2009 2066 c.
2037 2019 2111 2067 ΙΙ.
