3042 5059
665 334 786 392 264
1211 327 1276 392 S.
1323 326 1839 393 AUGUSTINI
1882 329 2297 396 EPISCOPI

663 482 858 546 Unde
887 503 1042 564 ergo
1067 491 1260 547 tantae
1293 483 1518 567 spinae,
1542 484 1599 547 si
1628 491 1792 548 terra
1818 485 2141 550 fructifera
2169 483 2307 550 est?
2354 485 2559 563 Vade,
2580 484 2885 567 exstirpa

663 585 901 648 silvosa
929 583 1188 648 dumeta
1215 583 1494 672 avaritiae
1509 607 1529 661 ;
1572 586 1771 648 vende
1798 607 1937 669 quae
1952 588 2261 668 possides,
2282 596 2347 650 et
2371 587 2643 670 implere
2671 586 2880 666 frugi-

661 686 787 748 bus
843 684 1058 746 dando
1103 684 1530 764 pauperibus,
1578 693 1643 748 et
1698 686 1956 750 habebis
2012 690 2387 751 thesaurum
2436 690 2511 749 in
2560 689 2758 764 coelis,
2812 695 2881 747 et

659 805 922 868 sequere
950 785 1306 847 Dominum
1336 787 1394 846 si
1421 787 1516 846 vis
1542 805 1673 848 esse
1688 788 2045 869 perfectus,
2074 788 2170 850 eis
2200 788 2481 850 sociatus
2506 786 2688 850 inter
2704 807 2879 870 quos

661 886 950 968 loquitur
967 887 1359 965 sapientiam
1389 886 1502 946 ille
1523 885 1637 968 qui
1664 886 1846 948 novit
1867 885 2026 969 quid
2052 885 2394 950 distribuat
2418 887 2551 950 diei
2580 897 2646 951 et
2668 886 2879 955 nocti,

663 995 734 1050 ut
769 987 943 1048 noris
973 995 1036 1048 et
1065 1000 1154 1060 tu,
1183 993 1258 1049 ut
1272 987 1465 1065 fiant
1495 992 1562 1048 et
1588 986 1708 1048 tibi
1737 988 2098 1050 luminaria
2126 990 2199 1050 in
2208 988 2645 1068 firmamento
2673 989 2829 1049 coeli
2844 1012 2871 1055 ,-

427 1094 551 1141 Mat.
570 1094 620 1152 6,
661 1085 838 1170 quod
865 1107 997 1148 non
1027 1085 1161 1162 fiet,
1188 1084 1316 1147 nisi
1343 1083 1537 1146 fuerit
1564 1087 1701 1162 itlic
1738 1107 1847 1149 cor
1874 1094 2059 1150 tuum
2078 1113 2103 1157 ,·
2154 1087 2329 1171 quod
2368 1089 2525 1150 item
2562 1109 2699 1150 non
2735 1087 2874 1163 fiet,

421 1159 506 1206 Ἢ·
659 1188 786 1251 nisi
813 1188 1004 1253 fuerit
1028 1190 1167 1250 illic
1197 1190 1539 1251 thesaurus
1568 1195 1720 1251 tuus
1738 1235 1757 1265 ,
1808 1189 1975 1252 sicut
2012 1189 2245 1253 audisti
2276 1212 2317 1253 a
2342 1192 2657 1274 maqistro
2694 1189 2871 1251 bono.

424 1295 645 1406 {22¹}
664 1290 796 1356 Sed
823 1313 934 1353 con
943 1293 1208 1353 tristata
1227 1298 1322 1353 est
1340 1299 1502 1353 terra
1526 1290 1756 1353 sterilis
1768 1287 1811 1368 ¹,
1828 1299 1893 1354 et
1906 1294 2104 1371 spinae
2126 1294 2568 1376 offocaverunt
2584 1290 2870 1355 verbum.

429 1438 451 1483 1
476 1438 580 1486 Pet.
597 1393 647 1494 ἑ,
752 1397 854 1454 25.
918 1393 1029 1454 Vos
1070 1399 1289 1453 autem
1327 1411 1532 1471 qenus
1572 1393 1867 1467 electum,
1908 1394 2179 1474 infirma
2220 1393 2476 1469 mundi,
2511 1395 2629 1476 qui
2676 1393 2874 1453 dimi-

423 1501 476 1548 9.
661 1495 836 1555 sistis
875 1495 1094 1554 omnia
1121 1499 1198 1554 ut
1225 1494 1652 1574 sequeremini
1689 1494 2043 1555 Dominum
2056 1519 2081 1562 ,·
2128 1494 2217 1556 ite
2250 1502 2402 1576 post
2428 1514 2599 1569 eum,
2628 1499 2698 1555 et
2724 1513 2871 1554 con-

421 1581 550 1693 ξέῗί·
570 1583 646 1641 ¹⁰·
641 1594 920 1676 fundite
955 1593 1218 1674 fortia:
1290 1592 1379 1654 ite
1429 1601 1580 1674 post
1623 1613 1791 1669 eum,
1840 1595 2106 1673 speciosi
2150 1593 2371 1674 pedes,
2422 1603 2489 1656 et
2537 1595 2751 1656 lucete
2796 1595 2867 1654 in

429 1724 450 1767 ι
471 1696 1073 1784 00„1‚flrmamento
1093 1719 1116 1763 ‚·
1165 1701 1238 1755 ut
1277 1695 1419 1755 caeli
1456 1701 1767 1756 enarrent
1802 1696 2081 1775 qloriam
2118 1695 2280 1778 ejus,
2309 1695 2670 1757 dividentes
2698 1696 2870 1755 inter

425 1786 478 1834 ⁷·
501 1789 552 1836 ⁸·
663 1800 870 1860 lucem
899 1794 1321 1880 perfectorum
1361 1793 1477 1856 sed
1513 1793 1801 1858 nondum
1836 1794 2005 1857 sicut
2036 1795 2450 1874 Angelorum,
2478 1803 2543 1858 et
2574 1794 2871 1857 tenebras

423 1865 490 1913 1⁸.
503 1867 584 1924 ω’
599 1868 647 1915 ⁷⁰
662 1898 1066 1982 parvulorum
1097 1894 1211 1957 sed
1238 1915 1371 1956 non
1401 1889 1920 1976 despectorum‘:
1964 1894 2173 1958 lucete
2216 1915 2409 1978 super
2450 1917 2712 1958 omnem
2748 1903 2867 1958 ter·

425 2011 646 2069 P⁸.18‚2.
662 2019 834 2074 ram3
890 2005 954 2060 et
990 1996 1127 2058 dies
1163 1995 1296 2056 sole
1335 1992 1619 2057 candens
1660 2000 1909 2056 eructet
1944 1993 2079 2055 diei
2114 1994 2371 2058 verbum
2412 1999 2780 2076 sapientiae,
2808 2005 2872 2058 et

661 2119 793 2161 nox
832 2098 990 2159 lu'na
1024 2096 1252 2160 lucens
1287 2096 1639 2156 annuntiet
1678 2096 1855 2155 nocti
1894 2094 2153 2156 verbum
2192 2098 2493 2160 scientim.
2584 2099 2782 2160 Luna
2809 2105 2871 2160 et

659 2201 860 2264 stellae
896 2197 1072 2260 nocti
1109 2198 1365 2271 lucent3
1413 2194 1528 2257 sed
1555 2215 1691 2257 nox
1720 2216 1850 2258 non
1880 2196 2181 2260 obscurat
2208 2219 2338 2275 eaS,
2366 2199 2677 2281 quoniam
2706 2201 2867 2282 ipsae

657 2301 1022 2366 illuminant
1059 2319 1198 2362 eam
1235 2318 1354 2383 pro
1397 2297 1659 2360 modulo
1704 2297 1859 2381 ejus.
1949 2301 2125 2364 Ecce
2168 2301 2337 2364 enim
2376 2309 2690 2385 tanquam
2720 2303 2867 2365 Deo

659 2402 934 2476 dicente,
953 2399 1156 2462 Fiant
1175 2400 1534 2460 luminaria
1564 2399 2077 2478 infirmamento
2104 2402 2514 2483 coeli,factus
2532 2409 2631 2465 est
2658 2403 2869 2465 subito

658 2505 738 2568 de
785 2503 936 2566 coelo
984 2521 1195 2576 sonus,
1240 2500 1429 2582 quasi
1469 2498 1818 2562 decurrens
1862 2499 2173 2580 spiritus*
2208 2505 2560 2579 vehemens,
2612 2509 2679 2565 et
2728 2506 2869 2565 visoe

422 2627 531 2674 Act.
542 2627 644 2681 252.
657 2611 810 2666 sunt
850 2603 1086 2682 linquae
1128 2601 1357 2662 divisae
1396 2601 1586 2683 quasi
1624 2601 1814 2680 iqnis,
1855 2601 1969 2682 qui
2015 2608 2080 2663 et
2118 2602 2359 2666 insedit
2396 2623 2592 2682 super
2628 2624 2868 2665 unum-

424 2692 480 2814 Ῑῗί
659 2723 971 2788 quemque
987 2703 1282 2770 illorum,·
1331 2701 1600 2781 etfacta
1618 2707 1773 2761 sunt
1789 2702 2149 2764 luminaria
2164 2704 2237 2764 in
2244 2703 2686 2782 firmamento
2708 2707 2869 2783 coeti,

424 2775 550 2878 14&
573 2769 622 2822 δ’
659 2803 916 2866 verbum
946 2804 1096 2864 vitae
1119 2799 1443 2863 habentia.
1525 2798 1789 2883 Ubique
1820 2799 2173 2879 discurrite,
2202 2803 2387 2882 ignes
2417 2802 2649 2881 sancti,
2682 2804 2867 2884 ignes

420 2918 582 2968 lJohn
600 2920 644 2966 l·
663 2904 895 2967 decori.
1001 2905 1112 2965 Vos
1157 2902 1328 2964 enim
1366 2902 1519 2963 estis
1558 2901 1775 2962 lumen
1815 2901 2069 2978 mundi,
2108 2923 2229 2965 nec
2270 2902 2425 2965 estis
2464 2902 2583 2964 sub
2632 2905 2869 2967 modio.

431 2985 474 3034 ¹·
659 3006 1006 3068 Exaltatus
1044 3012 1144 3067 est
1183 3002 1291 3065 cui
1328 3001 1712 3080 adhaesistiS,
1742 3011 1806 3065 et
1832 3002 2143 3066 exaltavit
2167 3024 2301 3066 vos.
2391 3003 2779 3082 Discurrite‚
2812 3015 2873 3068 et

658 3105 1036 3182 innotescite
1068 3103 1364 3166 omnibus
1396 3103 1712 3182 gentibus.

478 3232 593 3280 xx,
745 3213 847 3270 26.
897 3206 1244 3288 Concipiat
1270 3212 1334 3267 et
1357 3225 1551 3282 mare,
1582 3213 1646 3266 et
1671 3206 1881 3287 pariat
1908 3227 2105 3288 opera
2132 3215 2361 3284 vestra,
2391 3214 2459 3269 et
2486 3208 2871 3287 producant

421 3298 840 3408 {3.⁹ss‡0,aquae
882 3310 1149 3389 reptilia
1190 3307 1564 3368 animarum
1605 3306 1915 3367 vivarum.
2008 3307 2400 3387 &parantes
2428 3306 2603 3369 enim
2617 3310 2873 3387 pretio-
2937 3305 2947 3315 ’

417 3394 590 3472 «iubam
657 3432 799 3473 sum
836 3431 880 3472 a
918 3411 1054 3485 vili,
1092 3407 1248 3470 facti
1291 3406 1444 3468 estis
1479 3425 1554 3467 os
1594 3404 1741 3482 Dei,
1769 3426 1887 3487 per
1914 3403 2119 3490 quos*
2156 3405 2429 3469 diceret:
2476 3407 2867 3469 Producant

419 3504 552 3600 ἔξω
660 3532 861 3595 aquoe,
903 3531 1034 3573 non
1079 3509 1356 3573 animam
1393 3506 1607 3568 vivam
1650 3524 1843 3588 quam
1880 3514 2044 3570 terra
2082 3507 2400 3590 producit,
2441 3506 2557 3569 sed
2592 3510 2865 3588 reptilia

423 3619 574 3692 Que-
660 3616 1032 3677 animarum
1063 3612 1376 3684 iivarum,
1406 3615 1471 3668 et
1497 3608 1791 3668 volatilia
1820 3609 2103 3669 volantia
2131 3629 2325 3688 super
2355 3614 2623 3670 terram.
2689 3610 2863 3690 Rep-

420 3678 626 3744 repul-a,
659 3720 876 3777 serunt
916 3709 1086 3772 enim
1127 3708 1540 3770 Sacramenta
1566 3714 1698 3784 tua,
1730 3707 1933 3784 Deus,
1961 3729 2078 3790 per
2104 3729 2299 3790 opera
2326 3717 2699 3771 sanctorum
2726 3718 2862 3772 tuo-

423 3758 530 3807 quae
554 3756 635 3789 vo-

425 3807 599 3856 hffih·
658 3835 797 3876 rum
840 3813 1006 3873 inter
1045 3807 1292 3870 medios
1335 3807 1571 3868 fluctus
1614 3807 2036 3870 tentationum
2081 3809 2320 3886 saeculi,
2352 3807 2436 3871 ad
2477 3809 2864 3872 imbuendas

424 3886 526 3998 {gf
549 3885 626 3943 15,
663 3922 884 3996 gentes
899 3912 967 3972 in
980 3908 1009 3937 ⁸
1031 3908 1289 3972 nomine
1308 3915 1440 3983 tuo,
1452 3906 1521 3967 in
1541 3905 1864 3988 baptismo
1887 3915 2017 3971 tuo.
2063 3909 2155 3969 Et
2172 3908 2337 3970 inter
2356 3909 2498 3971 haec
2520 3907 2697 3972 facta
2717 3918 2865 3971 sunt

659 4011 981 4094 magnalia
1006 4005 1325 4070 mirabilia
1351 4012 1659 4087 tanquam
1686 4005 1814 4066 ceti
1835 4006 2138 4085 qrandes,
2166 4016 2231 4069 et
2256 4028 2449 4071 voces
2488 4009 2863 4072 nuntiorum

659 4123 909 4176 tuorum
935 4112 1274 4172 volitantes
1301 4125 1493 4185 super
1522 4111 1764 4165 terram
1778 4104 1991 4186 juxta
1998 4109 2505 4186 firmamentum
2531 4108 2721 4170 Libri
2750 4109 2861 4188 tui,

722 4293 751 4331 k
785 4292 913 4351 Quia
943 4307 972 4338 a
999 4288 1177 4338 deliciis
1210 4289 1271 4335 ad
1304 4286 1494 4336 delicias
1527 4285 1725 4348 migrare
1788 4286 2025 4338 thesauros
2045 4304 2155 4338 suos
2176 4297 2397 4339 terrenos.
2452 4289 2583 4354 Aug.
2606 4291 2763 4341 Serm.
2784 4292 2860 4340 38.

655 4359 888 4422 cupiebat,
912 4366 957 4404 et
988 4354 1072 4402 has
1094 4352 1268 4417 quibus
1296 4351 1622 4422 delectabatur
1652 4364 1722 4398 re·
1788 4365 1831 4400 e.
1856 4353 1905 4399 5.

657 4422 871 4486 linquere
906 4419 1198 4474 formidabat,
1231 4415 1450 4464 abscessit
1489 4413 1625 4468 tristis
1662 4412 1724 4460 ad
