3042 5059
664 400 1379 471 CONFESSIONUM
1426 402 1711 467 LIBER
1754 404 1836 466 X.
2227 406 2304 467 1⁷
2307 408 2348 463 9

186 556 355 640 hujus
379 558 651 620 nominis
662 557 1066 639 ‘significaret
1093 578 1306 621 sonus.
1354 561 1497 623 Nec
1527 568 1904 640 aegrotantes
1935 564 2355 639 agnoscerent

187 660 365 720 salute
390 658 712 722 nominata
740 659 900 743 quid
930 668 1101 723 esset
1126 660 1406 737 dictum3
1451 660 1580 723 nisi
1601 658 1834 724 'eadem
1871 660 2086 740 imago
2114 659 2181 719 vi
2218 678 2352 721 me-

186 758 375 821 moriae
401 752 731 837 teneretur,
750 760 1043 843 quamvis
1068 760 1217 844 ipsa
1240 782 1341 824 res
1368 763 1624 824 abesset
1651 784 1692 824 a
1719 780 2002 843 corpore.
2065 758 2351 823 Nomina

185 874 451 921 numeros
465 856 723 943 ‘quibus
744 880 1182 937 'numeramuS,
1210 884 1292 924 en
1330 861 1565 925 adsunt
1599 862 1669 923 in
1707 861 2014 924 memoria
2047 880 2194 922 mea
2218 878 2350 920 non

185 956 463 1037 imagines
504 956 746 1037 eorum,
785 960 900 1023 sed
943 961 1091 1043 ipsi.
1181 962 1463 1024 Nomino
1506 960 1852 1042 imaginem
1895 962 2070 1037 soliS,
2103 966 2169 1023 et
2209 959 2356 1021 haec

186 1056 343 1119 adest
374 1058 442 1120 in
476 1056 783 1123 memoria
818 1082 1000 1123 mea:
1044 1079 1255 1145 neque
1286 1060 1455 1124 enim
1484 1062 1834 1143 imaginem
1861 1060 2162 1142 imaginis
2189 1060 2352 1145 ejuS,

186 1157 283 1218 sed
303 1158 503 1240 ipsam
528 1161 778 1237 recolo;
812 1160 961 1243 ipsa
986 1160 1147 1223 mihi
1174 1161 1608 1225 reminiscenti
1638 1171 1872 1245 praesto
1901 1168 2020 1223 est.
2065 1160 2354 1223 Nomine

184 1260 535 1337 memoriam,
564 1268 633 1323 et
660 1282 943 1342 agnosco
974 1260 1151 1345 quod
1176 1262 1460 1325 nomino.
1535 1264 1630 1324 Et
1654 1261 1768 1324 ubi
1799 1281 2101 1341 agnosco,
2127 1259 2256 1322 nisi
2283 1260 2352 1321 in

184 1360 305 1441 ipsa
328 1363 665 1427 memoria?
716 1366 893 1427 Num
922 1373 988 1427 et
1012 1364 1159 1447 ipsa
1184 1384 1301 1447 per
1316 1364 1664 1445 imaginem
1696 1384 1877 1427 suam
1907 1360 2031 1425 sibi
2055 1361 2256 1440 adest,
2275 1382 2354 1425 ac

185 1474 294 1517 non
317 1479 427 1540 per
452 1458 775 1542 seipsam?

254 1562 345 1618 24.
388 1558 583 1636 Quid,
612 1582 761 1623 cum
806 1560 1197 1623 oblivionem
1239 1560 1525 1636 nomino,
1565 1568 1760 1644 atque
1801 1558 2026 1622 itidem
2071 1579 2356 1640 agnosco
2409 1588 2554 1637 XVI.
2655 1607 2667 1615 .

186 1655 333 1736 quod
382 1657 687 1721 nomino?
753 1660 926 1723 unde
980 1680 1392 1741 agnoscerem
1437 1660 1565 1723 nisi
1615 1658 2090 1723 meminissem?
2200 1660 2354 1721 Non
2367 1654 2572 1765 ξὲἓὶξῑῑ·

186 1756 442 1819 eumdem
472 1780 703 1821 sonum
729 1760 1011 1823 nominis
1038 1759 1207 1838 dico,
1232 1761 1347 1823 sed
1374 1782 1507 1823 rem
1539 1781 1733 1844 quam
1763 1760 2117 1840 significat3
2158 1780 2353 1843 quam
2367 1780 2590 1830 memoria

188 1853 234 1915 si
268 1856 489 1920 oblitus
532 1879 779 1935 essem3
836 1859 996 1943 quid
1045 1860 1155 1923 ille
1196 1862 1438 1923 valeret
1478 1880 1696 1937 sonus,
1741 1880 2088 1941 agnoscere
2129 1860 2354 1944 utique
2367 1854 2456 1896 ²⁵²·

186 1977 295 2019 non
318 1960 601 2022 valerem.
680 1960 861 2043 Ergo
892 1984 1041 2025 cum
1070 1964 1439 2027 memoriam
1468 1964 1750 2040 memini,
1780 1984 1897 2047 per
1921 1964 2200 2046 seipsam
2228 1962 2370 2037 sibi.

187 2065 389 2137 praesto
428 2068 529 2123 est
568 2062 717 2143 ipsa
756 2063 1094 2125 memoria:
1152 2084 1301 2127 cum
1344 2084 1493 2125 vero
1537 2064 1800 2125 memini
1843 2063 2254 2138 oblivionem,
2293 2071 2358 2125 et

185 2159 457 2223 memoria
509 2170 751 2243 praesto
801 2169 902 2225 est
950 2170 1016 2225 et
1064 2162 1342 2239 oblivi03
1400 2164 1709 2226 memoria
1758 2184 1889 2247 qua
1939 2162 2356 2239 meminerim,

185 2255 391 2321 oblivio
418 2282 617 2343 quam
649 2262 1063 2325 meminerim.
1152 2262 1282 2327 Sed
1312 2263 1472 2347 quid
1497 2272 1600 2327 est
1625 2263 1884 2343 oblivio,
1912 2263 2041 2326 nisi
2084 2262 2356 2345 privatio

185 2360 515 2423 memoriae?
612 2362 955 2433 Quomodo
986 2384 1137 2444 ergo
1166 2363 1349 2427 adest
1374 2372 1449 2427 ut
1475 2386 1616 2427 eam
1649 2364 2066 2440 meminerim,
2097 2362 2356 2447 quando

186 2476 310 2520 cum
346 2460 525 2523 adest
564 2462 935 2526 meminisse
972 2452 1107 2527 non
1141 2463 1449 2548 possum?
1542 2466 1630 2527 At
1655 2465 1710 2526 si
1743 2463 1917 2549 quod
1951 2464 2358 2526 meminimus

185 2562 459 2627 memoria
502 2564 892 2643 retinemus3
948 2567 1337 2631 oblivionem
1388 2574 1601 2631 autem
1649 2567 1777 2629 nisi
1825 2565 2357 2638 meminissemus,

185 2678 560 2746 nequaquam
592 2686 929 2747 possemus
960 2667 1181 2731 audito
1207 2668 1333 2731 isto
1360 2668 1644 2743 nomine,
1672 2688 1806 2730 rem
1838 2688 1983 2750 quae
2013 2666 2124 2728 illo
2155 2664 2355 2745 signi-

186 2757 384 2825 ficatur
408 2784 791 2845 agnoscere3
836 2768 1143 2831 memoria
1179 2768 1483 2831 retinetur
1510 2766 1771 2830 oblivio.
1860 2766 2065 2830 Adest
2093 2786 2246 2846 ergo
2273 2786 2356 2827 ne

186 2860 633 2944 obliviscamur,
664 2888 809 2951 quae
840 2886 986 2930 cum
1016 2868 1200 2931 adest
1226 2868 1682 2931 obliviscimur,
1770 2869 1874 2929 An
1903 2888 1987 2929 ex
2013 2868 2142 2930 hoc
2171 2866 2357 2929 intel-

182 2960 379 3041 ligitur
402 2987 534 3030 non
566 2990 683 3051 per
712 2971 989 3054 seipsam
1018 2972 1229 3035 inesse
1248 2970 1572 3034 memoriae
1593 2964 1741 3031 cum
1762 2988 1903 3031 eam
1931 2968 2358 3045 meminimuS,

183 3062 281 3123 sed
318 3086 427 3147 per
466 3068 818 3149 imaginem
862 3070 1087 3134 suam?
1138 3071 1291 3154 quia
1335 3072 1389 3133 si
1432 3091 1550 3153 per
1591 3068 1867 3152 seipsam
1909 3075 2143 3149 praesto
2187 3076 2358 3129 esset
2407 3122 2414 3129 .

184 3163 419 3245 oblivio,
444 3189 579 3231 non
608 3177 681 3231 ut
712 3171 1241 3248 meminissemus,
1272 3171 1385 3234 sed
1412 3180 1487 3234 ut
1514 3169 2030 3232 oblivisceremur
2057 3169 2353 3231 efficeret.

182 3260 260 3323 Et
288 3263 409 3329 hoc
436 3268 587 3351 quis
615 3269 875 3333 tandem
901 3269 1281 3352 indagabit?
1328 3270 1474 3355 quis
1504 3268 2006 3353 comprehendet
2033 3268 2360 3353 quomodo

184 3360 289 3425 sit?
1913 3426 1920 3435 .

252 3469 349 3527 25.
390 3468 541 3549 Ego
586 3478 777 3547 certe,
812 3472 1113 3551 Domine,
1154 3473 1373 3535 laboro
1417 3472 1549 3549 hic,
1589 3480 1655 3535 et
1693 3472 1916 3535 laboro
1959 3471 2030 3533 in
2071 3472 2572 3556 meipso25ffi3,

181 3560 365 3629 factus
403 3589 547 3631 sum
584 3570 747 3633 mihi
785 3580 951 3635 terra
988 3572 1403 3650 difficultatis,
1432 3581 1499 3635 et
1543 3572 1790 3635 sudoris
1831 3572 2034 3635 nimii.
2125 3574 2357 3657 Neque
2375 3570 2420 3617 ⁷·

181 3668 331 3731 enim
384 3693 562 3735 nunc
621 3684 975 3738 scrutamur
1031 3675 1256 3757 plagas
1312 3676 1483 3753 coeli,
1536 3684 1648 3740 aut
1695 3675 1970 3737 siderum
2027 3675 2360 3739 intervalla

182 3764 586 3851 dimetimur·‚
624 3776 725 3837 vel
778 3783 957 3839 terrae
1007 3777 1388 3840 libramenta
1435 3777 1813 3861 quaerimus:
1877 3798 1998 3857 ego
2051 3798 2190 3839 sum
2245 3778 2358 3859 qui

180 3871 443 3950 memini,
490 3894 615 3954 ego
666 3874 935 3937 animus.
1035 3874 1189 3937 Non
1238 3874 1330 3937 ita
1378 3876 1630 3953 mirum,
1678 3876 1734 3937 si
1783 3896 1824 3937 a
1870 3896 1974 3937 me
2023 3874 2216 3955 longe
2263 3882 2360 3935 est

181 3968 480 4055 quidquid
530 3994 651 4055 ego
700 3996 833 4037 non
880 3996 1041 4037 sum.
1145 3974 1322 4047 Quid
1372 3983 1587 4038 autem
1635 3974 2063 4057 propinquius
2109 3974 2356 4056 meipso

178 4069 363 4135 mihi?
452 4075 547 4136 Et
574 4095 723 4138 ecce
750 4076 1071 4137 memoriae
1098 4096 1257 4138 meae
1288 4074 1386 4137 vis
1412 4094 1547 4136 non
1578 4070 2140 4156 comprehenditur
2167 4094 2206 4136 a
2231 4068 2356 4151 me,

179 4188 313 4233 cum
338 4172 553 4255 ipsum
581 4196 685 4237 me
712 4196 845 4239 non
875 4176 1087 4239 dicam
1115 4184 1344 4259 praeter
1368 4174 1565 4237 illam.
1655 4172 1829 4245 Quid
1867 4172 2038 4234 enim
2073 4172 2358 4236 dicturus

179 4288 309 4333 sum
336 4274 598 4357 quando
622 4275 783 4337 mihi
814 4283 1055 4339 certum
1084 4282 1185 4352 est
1210 4274 1576 4337 meminisse
1604 4294 1706 4335 me
1735 4273 2164 4337 oblivionem?
2255 4276 2358 4336 An

180 4366 453 4437 dicturus
502 4396 645 4438 sum
693 4396 825 4439 non
872 4397 1011 4440 esse
1053 4376 1125 4437 in
1167 4375 1471 4438 memoria
1512 4396 1658 4437 mea
1701 4373 1877 4457 quod
1919 4372 2222 4437 memini?
2277 4393 2359 4437 an

180 4466 457 4537 dicturus
482 4494 633 4541 sum
674 4475 759 4540 ad
798 4477 925 4541 hoc
964 4478 1173 4541 inesse
1208 4476 1596 4539 oblivionem
1637 4476 1709 4537 in
1752 4474 2057 4539 memoria
2097 4494 2272 4556 mea„
2289 4484 2364 4539 ut

1204 4594 1249 4637 N
1279 4581 1317 4637 2
