3042 5059
623 388 665 446 6
1171 382 1236 445 S.
1283 379 1800 445 AUGUSTINI
1846 378 2266 443 EPISCOPI

389 548 585 602 Ex.16.
625 536 924 602 Gaudeat
979 546 1046 600 et
1101 538 1266 621 ipse,
1309 536 1561 599 dicens:
1640 534 1819 603 Quid
1874 542 1970 597 est
2026 536 2143 597 hoc
2156 531 2191 594 ,9
2270 532 2569 597 Gaudeat
2628 534 2813 599 etiam

393 614 468 661 ¹⁵·
625 639 750 715 sic;
823 646 890 701 et
933 647 1103 701 amet
1149 659 1282 703 non
1329 634 1716 700 inveniendo
1765 636 2051 699 invenire
2108 636 2345 718 potius,
2396 656 2591 718 quam
2646 636 2815 699 inve-

621 741 858 805 niendo
886 762 1018 805 non
1044 741 1330 805 invenire
1357 750 1440 803 te.

435 847 564 923 V112
714 848 812 906 11.
857 843 1146 920 Exaudi,
1197 845 1398 906 Deus.
1507 845 1625 905 Vae
1678 842 1965 926 peccatis
2012 838 2378 905 hominum!
2486 842 2577 903 Et
2624 840 2815 904 homo

387 912 600 960 Insanum
621 943 782 1009 dicit
835 944 1000 1021 haec,
1047 952 1114 1008 et
1169 946 1484 1009 misereris
1544 944 1713 1029 ejus3
1782 942 2086 1026 quoniam
2146 949 2219 1004 tu
2273 941 2484 1005 fecisti
2540 962 2708 1018 eum,
2755 950 2818 1003 et

419 992 450 1023 u
513 991 572 1024 ue

385 992 595 1114 gaggan-is
616 1056 955 1129 peecatum
981 1066 1114 1108 non
1141 1046 1352 1111 fecisti
1385 1048 1454 1110 in
1475 1068 1573 1109 eo.
1644 1044 1809 1118 Quis
1836 1064 1939 1105 me
1954 1040 1984 1068 '
2006 1049 2459 1105 commemorat
2484 1050 2815 1125 peccatum

385 1104 604 1153 almona.
618 1146 906 1211 infantiae
947 1146 1146 1209 meae?
1235 1148 1557 1219 Quoniam
1582 1166 1773 1209 nemo
1800 1143 2079 1207 mundus
2107 1165 2148 1206 a
2171 1152 2439 1227 peccato
2482 1164 2697 1207 coram
2734 1154 2815 1221 te,

386 1266 483 1316 Job
504 1268 587 1326 25,
619 1268 740 1311 nec
769 1248 980 1310 infans
1010 1247 1196 1333 cujus
1237 1258 1335 1312 est
1373 1249 1567 1311 unius
1610 1245 1740 1309 diei
1780 1246 1913 1309 vita
1950 1260 2143 1328 super
2182 1254 2427 1308 terram.
2516 1245 2681 1317 Quis
2716 1266 2816 1307 me

386 1334 433 1379 ⁴¹·
621 1348 1106 1412 commemorat?
1193 1352 1300 1413 An
1343 1350 1618 1432 quilibet
1656 1346 1945 1411 tantillus
1988 1368 2162 1409 nunc
2205 1348 2527 1429 parvulus,
2570 1347 2639 1409 in
2690 1368 2815 1429 quo

619 1450 806 1513 video
837 1449 1014 1533 quod
1039 1470 1172 1512 non
1199 1450 1462 1512 memini
1491 1450 1573 1513 de
1602 1446 1745 1511 me?
1834 1447 2009 1520 Quid
2048 1466 2199 1529 ergo
2239 1457 2393 1511 tunc
2428 1446 2814 1530 peccabam?
2856 1463 2863 1469 ·

618 1552 723 1613 An
752 1552 908 1634 quia
945 1551 1249 1613 uberibus
1291 1550 1620 1615 inhiabam
1660 1548 1956 1633 plorans?
2048 1551 2219 1611 Nam
2260 1549 2316 1611 si
2356 1570 2529 1611 1111110
2568 1549 2816 1627 faciam,

617 1672 750 1713 non
800 1650 1060 1734 quidem
1111 1652 1437 1729 uberibus,
1481 1652 1597 1713 sed
1652 1672 1818 1721 escae
1878 1649 2255 1731 congruenti
2298 1650 2483 1712 annis
2524 1650 2687 1712 meis
2730 1650 2819 1713 ita

615 1753 896 1845 inhians,
925 1753 1261 1817 deridebor
1288 1764 1480 1838 atque
1520 1753 1951 1838 reprehendar
1978 1753 2351 1838 justissime.
2438 1753 2623 1815 Tunc
2668 1774 2817 1834 ergo

615 1852 1138 1935 reprehendenda
1163 1855 1504 1918 faciebam:
1552 1856 1667 1918 sed
1696 1857 1851 1939 quia
1875 1854 2441 1939 reprehendentem
2468 1855 2819 1936 intelligere

615 1974 748 2018 non
804 1961 1122 2035 poteram3
1194 1975 1314 2016 nec
1373 1976 1514 2019 mos
1564 1955 1943 2039 reprehendi
1992 1978 2117 2034 me,
2166 1977 2287 2020 nec
2336 1956 2499 2019 ratio
2548 1956 2818 2018 sinebat.

617 2054 789 2115 Nam
819 2049 1276 2136 'exstirpamus
1333 2066 1399 2120 et
1453 2056 1747 2140 ejicimus
1800 2058 1928 2120 ista
1984 2066 2357 2120 crescentes.
2485 2058 2627 2119 Nec
2686 2055 2818 2118 vidi

377 2166 490 2217 Joh.
514 2169 566 2227 5,
616 2174 1003 2236 quemquam
1053 2155 1378 2231 scientem,
1431 2175 1581 2219 cum
1624 2155 1871 2241 aliquid
1911 2156 2209 2240 purgat*,
2261 2159 2437 2220 bona
2483 2156 2817 2241 projicere.

614 2256 719 2317 An
766 2276 884 2337 pro
929 2264 1214 2337 tempore
1253 2257 1444 2319 etiam
1493 2258 1611 2320 illa
1655 2259 1832 2322 bona
1872 2267 2074 2335 erant,
2116 2258 2329 2321 flendo
2370 2266 2587 2341 petere
2628 2258 2819 2322 etiam

615 2354 791 2437 quod
818 2356 1016 2417 noxie
1037 2355 1318 2433 daremr3
1361 2356 1683 2439 indignari
1706 2360 1934 2422 acriter
1951 2381 2084 2423 non
2104 2359 2411 2443 subjectis
2430 2358 2819 2434 hominibuS,

611 2456 831 2518 liberis
875 2465 941 2519 et
981 2457 1350 2540 majoribuS,
1387 2459 1619 2542 hisque
1661 2482 1702 2523 a
1745 2461 1979 2544 quibus
2022 2460 2273 2541 genitus
2314 2471 2432 2539 est,
2474 2462 2821 2543 multisque

613 2566 917 2637 praeterea
964 2556 1480 2638 prudentioribus
1526 2582 1659 2623 non
1706 2561 1790 2625 ad
1838 2572 2065 2625 nutum
2106 2562 2451 2626 voluntatis
2490 2563 2821 2645 obtempe-

613 2656 934 2733 rantibus3
1005 2657 1289 2721 feriendo
1347 2680 1579 2723 nocere
1633 2662 1755 2727 niti
1815 2672 2123 2745 quantum
2182 2670 2415 2746 potest,
2476 2662 2630 2747 quia
2688 2684 2821 2725 non

615 2755 908 2820 obeditur
957 2757 1242 2841 imperiis
1289 2761 1525 2843 quibus
1573 2764 1933 2845 perniciose
1978 2764 2377 2828 obediretur?
2467 2766 2570 2828 Ita
2618 2765 2820 2828 imbe-

613 2857 846 2921 cillitas
913 2862 1338 2924 membrorum
1395 2862 1780 2927 infantilium
1836 2866 2147 2929 innocens
2204 2873 2323 2944 est,
2377 2888 2511 2929 non
2568 2867 2821 2930 animus

611 2956 966 3023 infantium.
1055 2960 1208 3023 Vidi
1257 2984 1378 3043 ego
1429 2972 1494 3026 et
1542 2973 1845 3047 expertus
1895 2986 2038 3028 sum
2083 2967 2401 3029 zelantem
2445 2969 2819 3049 parvinum:

611 3059 899 3122 nondum
947 3063 1350 3145 loquebatur,
1400 3075 1466 3126 et
1519 3066 1886 3130 intuebatur
1938 3066 2223 3150 pallidus
2280 3088 2491 3131 amaro
2551 3078 2824 3151 aspectu

611 3162 1075 3224 collactaneum
1106 3183 1310 3225 suum.
1400 3166 1564 3236 Quis
1602 3167 1729 3230 hoc
1772 3166 2061 3249 ignorat?
2150 3168 2439 3251 Expiure
2482 3190 2550 3231 se
2594 3168 2825 3231 dicunt

612 3260 738 3322 ista
762 3271 996 3324 matres
1025 3272 1216 3345 atque
1245 3265 1528 3328 nutrices
1556 3269 1775 3332 nescio
1808 3271 2044 3352 quibus
2072 3269 2386 3333 remediis.
2477 3270 2623 3332 Nisi
2667 3291 2821 3332 vero

613 3369 677 3422 et
702 3360 827 3423 ista
852 3361 1224 3426 innocentia
1263 3374 1380 3443 est,
1409 3366 1479 3427 in
1519 3368 1695 3431 fonte
1737 3371 1925 3433 lactis
1968 3370 2242 3433 ubertim
2283 3378 2581 3433 manante
2622 3379 2823 3454 atque

613 3460 1000 3540 abundante,
1051 3464 1196 3546 opis
1247 3467 1745 3547 egentissimum,
1798 3480 1862 3533 et
1901 3470 2015 3533 ino
2066 3470 2279 3535 adhuc
2331 3493 2461 3534 uno
2510 3473 2819 3537 alimento

611 3561 809 3623 vitam
838 3561 1198 3642 ducentem,
1229 3578 1587 3633 consortem
1613 3590 1745 3635 non
1774 3572 1930 3655 pati.
2021 3573 2151 3637 Sed
2191 3572 2427 3637 blande
2470 3576 2823 3638 tolerantur

610 3664 775 3740 haec,
833 3686 966 3727 non
1025 3666 1179 3749 quia
1233 3670 1414 3731 nulla
1469 3671 1573 3733 vel
1628 3692 1845 3755 parva,
1904 3673 2017 3736 sed
2075 3675 2229 3757 quia
2286 3675 2491 3737 aetatis
2547 3696 2822 3738 accessu

607 3765 890 3845 peritura
929 3778 1094 3829 sunt.
1185 3768 1377 3840 Quod
1425 3772 1579 3835 licet
1626 3775 1881 3854 probeS‚
1926 3796 2073 3837 cum
2086 3771 2115 3800 ⁸
2166 3774 2311 3837 ferri
2366 3796 2553 3858 aequo
2598 3778 2820 3839 animo

609 3865 831 3928 eadem
859 3866 1006 3950 ipsa
1031 3890 1164 3931 non
1205 3879 1496 3951 possunt,
1528 3872 1787 3954 quando
1832 3876 1901 3937 in
1944 3875 2165 3958 aliquo
2206 3876 2544 3939 annosiore
2586 3876 2817 3961 depre-

607 3965 988 4031 henduntur.

698 4071 794 4130 12.
843 4070 948 4131 Tu
1004 4068 1242 4153 itaque,
1303 4071 1585 4136 Domine
1644 4075 1824 4137 Deus
1880 4097 2083 4154 meus,
2145 4079 2255 4160 qui
2314 4078 2548 4142 dedisti
2612 4078 2817 4143 vitam

603 4167 852 4247 infanti,
895 4179 962 4232 et
1001 4191 1254 4253 corpus,
1299 4172 1475 4254 quod
1519 4174 1615 4236 ita
1651 4182 1725 4236 ut
1764 4174 2055 4239 videmus
2091 4177 2453 4243 instruxisti
2494 4180 2816 4257 sensibuS,

607 4270 985 4349 compegisti
1015 4273 1335 4349 membris,
1366 4273 1574 4355 figura
1604 4272 1939 4353 decorasti,
1958 4298 2207 4361 proque
2238 4280 2375 4364 ejus
2401 4280 2817 4345 universitate

607 4373 798 4448 atque
827 4368 1266 4435 incolumitate
1297 4394 1518 4437 omnes
1550 4385 1817 4438 conatus
1846 4378 2186 4441 animantis
2213 4380 2582 4458 insinuasti3
2616 4382 2816 4467 jubes

370 4483 710 4543 Ps91,2.me
739 4466 996 4533 laudare
1025 4480 1087 4533 te
1116 4472 1184 4534 in
1213 4474 1355 4537 istis
1384 4484 1448 4537 et
1476 4478 1773 4556 confiteri
1804 4478 1943 4557 tibi,
1970 4489 2035 4543 et
2064 4482 2349 4561 psallere
2384 4485 2636 4547 nomini
2676 4492 2813 4557 tem,
