3042 5059
741 398 1462 467 CONFESSIONUM
1508 404 1791 467 LIBER
1836 408 1951 469 Vl.
2366 412 2447 469 97

235 563 304 615 et
346 551 814 637 dissipantibus
855 576 980 632 me,
1009 555 1162 619 dum
1207 556 1390 621 dico:
1438 558 1600 622 Cras
1642 560 2003 637 inveniam3
2049 580 2201 625 ecce
2244 560 2449 622 mani-

217 649 468 715 'festum
506 652 862 735 apparebit,
889 660 958 715 et
994 654 1264 717 tenebo:
1311 675 1464 718 ecce
1493 655 1769 719 Faustus
1796 656 2031 732 veniet,
2060 663 2125 718 et
2165 664 2451 738 exponet

235 752 472 815 omnia.
561 752 622 814 O
663 753 884 834 magni
924 753 1046 815 viri
1088 753 1498 819 Academici!
1550 756 1717 819 nihil
1759 755 1844 818 ad
1893 754 2207 837 agendam
2248 756 2448 819 vitam

233 853 394 915 certi
425 852 882 935 comprehendi
907 861 1138 937 potest.
1227 856 1370 918 Imo
1399 876 1759 939 quoeramus
1788 855 2187 936 diligentiae,
2215 863 2280 919 et
2315 877 2447 919 non

233 951 667 1036 desperemus.
755 955 934 1018 Ecce
953 954 1092 1038 jam
1119 977 1252 1017 non
1281 964 1433 1019 sunt
1464 956 1741 1020 absurda
1766 958 1838 1019 in
1867 957 2083 1021 Libris
2110 956 2445 1020 ecclesias·

231 1052 386 1115 ticis
415 1074 560 1136 quae
591 1053 868 1117 absurda
899 1053 1297 1133 videbantur,
1326 1064 1392 1120 et
1429 1065 1703 1139 possunt
1740 1058 1921 1120 aliter
1954 1064 2147 1140 atque
2177 1057 2447 1119 honeste

229 1154 530 1235 intelligi.
621 1154 852 1235 Figam
881 1156 1082 1240 pedes
1112 1156 1182 1217 in
1214 1178 1292 1219 eo
1324 1157 1528 1238 gradu
1554 1158 1623 1220 in
1652 1180 1781 1242 quo
1810 1179 1973 1241 puer
2002 1180 2043 1222 a
2068 1156 2446 1241 parentibus

231 1274 413 1317 eram
461 1255 736 1338 posituS,
780 1254 985 1319 donec
1031 1255 1391 1321 inveniatur
1429 1259 1773 1341 perspicua
1813 1257 2065 1321 veritas.
2154 1256 2286 1321 Sed
2332 1257 2446 1320 ubi

231 1354 594 1437 quaeretur?
656 1355 916 1439 quando
975 1355 1335 1440 quaeretur?
1439 1359 1593 1421 Non
1647 1366 1835 1422 vacat
1891 1358 2253 1435 Ambrosio,
2310 1377 2444 1421 non

228 1464 424 1519 vacat
449 1457 679 1537 legere.
741 1457 878 1521 Ubi
904 1457 1084 1539 ipsos
1113 1456 1376 1521 codices
1407 1458 1788 1543 quaerimus?
1834 1458 2027 1535 unde,
2048 1467 2159 1521 aut
2184 1458 2444 1542 quando

228 1555 720 1639 comparamus?
769 1578 808 1620 a
849 1558 1084 1641 quibus
1125 1556 1475 1622 sumimus?
1567 1560 1975 1643 Deputentur
2011 1568 2317 1641 tempora,
2346 1557 2442 1621 di-

229 1656 628 1721 stribuantur
657 1659 832 1722 horae
865 1679 984 1741 pro
1011 1660 1218 1721 salute
1248 1659 1498 1723 animae.
1590 1662 1839 1741 Magna
1868 1680 2019 1742 spes
2052 1659 2279 1721 oborta
2308 1666 2439 1722 est:

225 1778 368 1819 non
397 1756 586 1821 docet
623 1758 944 1823 catholica
980 1756 1142 1821 fides
1175 1758 1353 1842 quod
1390 1761 1798 1842 putabamus»,
1828 1768 1893 1823 et
1917 1758 2067 1826 vani
2095 1760 2441 1823 accusaba-

228 1880 416 1936 mus3
465 1858 646 1923 nefas
686 1859 930 1922 habent
971 1857 1146 1924 docti
1187 1857 1328 1943 ejus
1371 1860 1629 1925 credere
1671 1860 1886 1923 Deum
1928 1860 2138 1940 figura
2177 1858 2443 1923 humani

229 1959 532 2042 corporis
569 1959 1005 2023 terminatum:
1057 1966 1125 2023 et
1172 1958 1541 2023 dubitamus
1588 1962 1849 2043 pulsare
1902 1981 2031 2044 quo
2080 1961 2445 2042 aperiantur

229 2061 507 2126 caetera?
599 2061 1136 2127 Antemeridianis
1186 2060 1404 2128 horis*
1433 2062 1737 2146 discipuli
1782 2070 2139 2145 occupant:
2194 2064 2443 2126 caeteris

229 2161 397 2245 quid
433 2162 745 2227 facimus?
795 2184 909 2225 cur
947 2184 1080 2227 non
1119 2161 1189 2225 id
1229 2161 1520 2245 agimus?
1614 2162 1744 2227 Sed
1785 2161 2045 2247 quando
2090 2164 2441 2226 salutamus

229 2264 480 2328 amicos
529 2265 820 2349 majores,
865 2284 1134 2349 quorum
1185 2264 1506 2345 suffragiis
1557 2284 1723 2346 opus
1770 2261 2125 2327 habemus?
2182 2263 2439 2347 quando

228 2384 670 2449 praeparamus
702 2364 880 2450 quod
919 2372 1134 2428 emant
1175 2363 1590 2428 scholastici?
1640 2364 1897 2448 quando
1926 2384 2293 2448 reparamus
2320 2386 2441 2429 nos

227 2465 432 2547 ipsos,
459 2465 809 2531 relaxando
839 2466 1054 2529 animo
1084 2467 1166 2529 ab
1196 2466 1553 2529 intentione
1582 2464 1920 2529 curarum?

324 2570 426 2628 19.
471 2566 744 2631 Pereant
770 2566 1006 2644 omnia,
1027 2573 1092 2629 et
1113 2564 1508 2629 dimittamus
1535 2565 1679 2629 haec
1708 2587 1876 2629 vana
1902 2574 1969 2628 et
1993 2565 2238 2629 inania:
2286 2586 2439 2629 con-

227 2667 508 2729 feramus
551 2687 670 2729 nos
708 2666 791 2730 ad
829 2667 1030 2729 solam
1071 2664 1554 2749 inquisitionem
1587 2665 1887 2730 veritatis
1975 2664 2165 2730 vita·
2209 2666 2442 2729 misera

229 2776 362 2844 est3
413 2788 586 2830 mors
629 2768 890 2830 incerta.
982 2765 1054 2829 Si
1099 2766 1311 2829 subito
1351 2766 1622 2849 obrepit,
1662 2766 1986 2850 quomodo
2032 2767 2186 2830 hinc
2232 2767 2440 2830 exibi-

227 2868 414 2933 mus?
463 2877 530 2932 et
545 2868 660 2931 ubi
680 2867 870 2931 nobis
899 2865 1207 2931 discenda
1235 2874 1384 2930 sunt
1411 2887 1559 2950 quae
1585 2867 1695 2931 hic
1724 2868 2149 2948 negleximuS,
2168 2866 2284 2931 ac*
2308 2888 2439 2929 non

225 2970 452 3052 potius
494 2968 688 3053 hujus
731 2966 1138 3049 negligentiae
1189 2967 1510 3050 supplicia
1556 2966 1839 3031 luenda?
1915 2967 2113 3045 Quid,
2164 2967 2221 3029 si
2270 2988 2441 3031 mors

227 3070 377 3153 ipsa
415 3090 670 3132 omnem
714 3088 930 3132 curam
969 3087 1164 3131 sensu
1207 3066 1565 3150 amputabit
1606 3075 1672 3130 et
1707 3065 1933 3129 finiet?
2011 3068 2187 3148 Ergo
2217 3076 2283 3130 et
2310 3066 2435 3131 hoc

227 3170 666 3255 quaerendum.
756 3167 888 3232 Sed
918 3167 1091 3231 absit
1130 3178 1204 3230 ut
1225 3167 1321 3230 ita
1349 3167 1450 3229 sit.
1542 3168 1696 3230 Non
1723 3175 1931 3244 vacat,
1958 3188 2090 3230 non
2120 3176 2217 3229 est
2244 3167 2433 3231 inane

227 3271 410 3355 quod
449 3278 580 3334 tam
621 3269 912 3333 eminens
952 3267 1207 3331 culmen
1248 3266 1642 3331 auctoritatis
1692 3267 2056 3331 christianae
2099 3266 2258 3331 fidei
2298 3274 2433 3331 toto

225 3374 382 3435 orbe
413 3370 842 3435 diffunditur&
903 3370 1255 3451 Nunquam
1283 3375 1463 3430 tanta
1489 3375 1557 3430 et
1582 3367 1738 3432 talia
1763 3390 1881 3451 pro
1910 3366 2101 3432 nobis
2128 3367 2434 3431 divinitus

223 3480 590 3553 agerentur,
621 3471 678 3534 si
703 3477 907 3535 morte
948 3467 1234 3551 corporis
1266 3467 1458 3531 etiam
1491 3468 1624 3533 vita
1666 3470 1897 3532 animae
1939 3480 2429 3534 consumeretur.

223 3574 408 3647 Quid
437 3581 813 3639 cunctamur
835 3572 1033 3653 igitur
1057 3571 1282 3635 relicta
1309 3592 1424 3654 spe
1452 3572 1697 3649 saeculi,
1720 3572 2003 3635 conferre
2022 3594 2143 3635 nos
2157 3581 2327 3639 totos
2346 3574 2429 3637 ad

223 3673 644 3759 quaerendum
674 3674 886 3736 Deum
917 3680 983 3735 et
1009 3672 1206 3735 vitam
1234 3669 1527 3735 beatam?
1599 3671 1730 3735 sed
1757 3681 2101 3756 exspecta:
2136 3672 2431 3759 jucunda

222 3784 377 3839 sunt
405 3775 598 3839 etiam
625 3775 788 3853 ista3
831 3773 1075 3839 habent
1113 3792 1247 3835 non
1285 3792 1551 3855 parvam
1590 3771 1995 3837 dulcedinem
2032 3795 2250 3839 suam:
2296 3796 2427 3837 non

289 3939 318 3978 *ι
350 3933 469 3998 Ipsa
486 3947 572 3981 vos
585 3931 796 3981 Ecclesia
809 3947 892 3980 ore
908 3940 1130 3980 materne
1149 3929 1293 3979 dilcc·
1360 3944 1455 3977 non
1478 3929 1671 3987 vidistis,
1693 3936 1939 4003 propterea
1970 3930 2157 3978 credere
2190 3930 2425 3978 recusatis.

221 3997 362 4047 tionis
391 3996 667 4061 alloquitur,
689 4004 722 4025 ⁸⁸
750 3997 852 4059 Ego
885 4010 1030 4061 quam
1063 3993 1292 4043 miramini
1359 3994 1486 4057 Ergo
1525 3994 1630 4041 haec
1672 3993 1913 4067 adspicite,
1949 3993 2053 4041 hnc
2098 3994 2425 4067 quai-cernitis

221 4077 309 4125 per
351 4060 622 4109 uuiversum
665 4060 896 4109 mundum
937 4057 1290 4107 fructificantem
1360 4058 1596 4120 cogitate;
1628 4072 1738 4119 que
1758 4057 1891 4105 vobis
1921 4072 2015 4105 non
2048 4066 2283 4121 pretenta
2314 4072 2421 4105 nar-

219 4134 367 4190 atqne
387 4132 690 4179 ementem.
743 4124 899 4173 nalem
934 4138 1009 4171 me
1031 4122 1295 4186 conspicitis
1359 4129 1539 4178 rantur,
1560 4135 1671 4195 ’nec
1714 4120 1873 4167 futura
1913 4120 2298 4195 proenuntiantur3
2339 4122 2421 4169 sed

217 4189 482 4253 aliqnando
513 4204 608 4237 non
639 4141 756 4237 fuifl’
821 4196 855 4218 ‘⁶
879 4187 976 4245 Qui
1010 4186 1296 4251 temporibus
1360 4194 1607 4249 presentia
1618 4186 2006 4232 demonstrantur.
2042 4185 2119 4231 An
2134 4184 2267 4231 vobis
2280 4199 2421 4233 mano

219 4253 408 4327 ”Jissfin
444 4252 476 4301 J
483 4253 620 4327 udqa
648 4261 772 4301 terra
809 4252 972 4325 fideles
999 4250 1204 4305 suerunt,
1235 4264 1294 4297 ex
1357 4250 1431 4297 vel
1467 4249 1569 4322 leve
1592 4247 1791 4321 videtur,
1814 4256 1863 4294 et
1894 4246 2077 4321 nullum
2111 4247 2185 4295 vel
2221 4264 2416 4322 parvum

219 4333 420 4439 ἔεζῖΐ,
445 4315 1294 4435 ”tatfflffiffltffafflz
1357 4311 1947 4425 ἕὲἒᾷῗέυἳᾚὲἒὲἒ
1966 4311 2420 4438 Ἦζέἳὲέῗὰἓῗέηὲῗ

221 4443 419 4500 Christi.
437 4444 599 4493 omnia
619 4443 778 4493 divina
799 4442 926 4491 dicta
955 4442 1057 4507 ejus
1089 4451 1136 4493 et
1163 4441 1294 4489 facta
1355 4450 1513 4489 currat
1551 4440 1807 4488 humanum
1823 4438 1879 4486 ‘!”
1939 4438 2068 4502 Aug.
2100 4438 2161 4487 de
2202 4439 2294 4486 fide
2331 4454 2419 4489 rer.

219 4509 740 4574 presenteaproesentia
759 4507 1032 4557 didicerunt.
1077 4506 1196 4554 Haec
1215 4520 1295 4555 vos
1355 4520 1464 4569 quae
1486 4518 1582 4551 non
1600 4504 1832 4560 videntur,
1854 4503 1893 4565 ς.
1922 4504 1971 4557 4,
1996 4502 2043 4551 ⁷.

1313 4603 1365 4648 11
