3042 5059
489 3384 636 3433 XIV.

452 3447 656 3495 Litteras

453 3514 649 3561 Graecas

451 3576 631 3625 oderat.

697 400 774 460 12
1243 396 1307 458 S.
1354 394 1871 459 AUGUSTINI
1920 394 2338 459 EPISCOPI

687 551 1084 615 honestiores
1129 560 1194 613 et
1237 550 1560 614 uberiores
1601 551 1825 615 litterae
1867 557 2191 634 putantur,
2238 570 2431 633 quam
2481 550 2613 611 illae
2668 548 2912 633 quibus

687 654 899 734 legere
929 660 995 715 et
1023 651 1296 714 scribere
1327 650 1547 714 didici.

775 759 878 815 22.
926 752 1054 817 Sed
1083 774 1256 816 nunc
1294 753 1363 814 in
1403 753 1616 815 anima
1655 772 1799 815 mea
1850 752 2081 815 clamet
2126 752 2307 814 Deus
2334 772 2535 828 meus,
2568 761 2633 814 et
2664 750 2910 813 veritas

688 863 800 917 tua
826 853 1000 917 dicat
1036 853 1232 916 mihi:
1287 854 1440 915 Non
1471 860 1569 915 est
1610 853 1722 929 ita,
1762 873 1894 915 non
1936 859 2033 915 est
2070 852 2200 928 ita3
2244 852 2468 915 melior
2504 861 2602 915 est
2640 872 2909 935 prorsus

690 955 979 1019 doctrina
1005 955 1120 1017 illa
1146 954 1335 1037 prior.
1428 955 1599 1017 Nam
1641 974 1792 1017 ecce
1830 954 2110 1036 paratior
2146 975 2287 1015 sum
2328 954 2623 1016 oblivisci
2660 974 2908 1016 errores

689 1058 933 1134 AEneae,
971 1066 1164 1140 atque
1203 1055 1417 1118 omnia
1459 1053 1795 1137 ejusmodi,
1840 1076 2033 1138 quam
2078 1056 2351 1117 scribere
2396 1065 2459 1118 et
2495 1056 2727 1136 legere.
2828 1057 2909 1117 At

689 1158 860 1221 enim
888 1158 1030 1219 vela
1057 1156 1340 1241 pendent
1375 1156 1707 1219 liminibus
1746 1155 2293 1237 grammaticarum
2339 1156 2741 1219 scholarum:
2798 1155 2907 1217 sed

685 1281 818 1322 non
867 1259 981 1321 illa
1029 1259 1234 1340 magis
1283 1257 1590 1320 honorem
1639 1256 1885 1333 secreti,
1934 1278 2127 1341 quam
2179 1266 2615 1338 tegumentum
2674 1258 2905 1320 erroris

689 1359 1073 1442 significant.
1165 1360 1314 1421 Non
1357 1360 1635 1420 clament
1677 1356 1979 1421 adversus
2008 1379 2131 1435 me,
2163 1379 2327 1442 quos
2354 1356 2493 1442 jam
2522 1378 2654 1419 non
2685 1357 2905 1432 timec,

687 1460 839 1523 dum
885 1459 1191 1523 confiteor
1233 1459 1352 1522 tibi
1397 1478 1543 1542 quae
1588 1460 1727 1521 vult
1769 1458 1981 1521 anima
2022 1480 2185 1535 mea,
2230 1459 2409 1521 Deus
2442 1479 2645 1536 meus,
2684 1467 2755 1521 et
2802 1480 2902 1522 ac·

686 1562 947 1645 quiesco
976 1562 1046 1623 in
1073 1560 1563 1643 reprehensione
1594 1561 1901 1623 malarum
1930 1560 2173 1623 viarum
2202 1580 2509 1636 mearum,
2528 1568 2604 1623 ut
2630 1558 2900 1639 diligam

683 1664 887 1726 bonas
949 1661 1087 1725 vias
1147 1670 1308 1725 tuaS.
1430 1662 1583 1723 Non
1650 1661 1929 1724 clament
1986 1660 2319 1723 adversum
2376 1682 2478 1723 me
2535 1658 2899 1722 venditores

687 1764 1115 1845 grammaticae
1159 1764 1262 1824 vel
1301 1770 1656 1845 emptores:
1705 1760 1859 1845 quia
1888 1762 1942 1823 si
1972 1783 2350 1845 proponam,
2358 1762 2471 1838 eis,
2499 1762 2897 1841 interrogans

683 1874 893 1927 utrum
921 1884 1138 1925 verum
1168 1863 1252 1925 sit
1283 1862 1458 1946 quod
1485 1864 1759 1925 AEneam
1790 1862 2134 1946 aliquando
2159 1863 2617 1943 Carthaginem
2646 1861 2899 1925 venisse

687 1966 886 2027 Poeta
930 1963 1122 2039 dicit3
1189 1962 1573 2026 indoctiores
1624 1984 1691 2025 se
1736 1964 1979 2026 nescire
2031 1963 2526 2047 respondebunt,
2578 1961 2899 2026 doctiores

687 2076 898 2130 autem
949 2065 1138 2127 etiam
1189 2065 1517 2145 negabunt
1563 2084 1780 2126 verum
1832 2085 1989 2127 esse.
2080 2066 2167 2127 At
2216 2065 2270 2127 si
2324 2086 2605 2149 quaeram
2654 2063 2896 2147 quibus

685 2166 913 2229 litteris
942 2165 1254 2229 scribatur
1293 2166 1516 2227 AEneae
1558 2185 1814 2243 nomen,
1846 2185 2066 2229 omnes
2104 2166 2286 2243 mihi,
2318 2166 2431 2250 qui
2466 2166 2608 2229 haec
2652 2164 2897 2227 didice-

661 2274 854 2346 -runt,
882 2286 1100 2328 verum
1128 2264 1641 2349 respondebunt3
1688 2265 2040 2329 secundum
2078 2265 2146 2328 id
2182 2276 2438 2350 pactum
2468 2274 2532 2329 et
2560 2266 2897 2349 placitum,

687 2388 818 2450 quo
854 2367 1020 2429 inter
1049 2388 1116 2429 se
1145 2366 1438 2428 homines
1477 2366 1604 2429 ista
1646 2366 1831 2447 signa
1870 2366 2218 2430 firmarunt.
2308 2367 2493 2443 Item,
2524 2368 2579 2430 si
2612 2387 2898 2451 quaeram

686 2467 846 2551 quid
873 2468 1104 2529 horum
1133 2466 1370 2551 majore
1399 2468 1549 2530 vitae
1579 2466 1771 2550 hujus
1799 2468 2203 2531 incommodo
2244 2468 2514 2551 quisque
2552 2468 2897 2553 oblivisca-

687 2578 810 2646 tur,
859 2570 1071 2650 legere
1117 2575 1182 2631 et
1227 2569 1521 2645 scribere,
1570 2589 1653 2630 an
1702 2570 1957 2649 poetica
2002 2569 2117 2632 illa
2164 2568 2469 2650 figmenta
2484 2592 2501 2646 3
2565 2569 2715 2653 quis
2765 2591 2897 2631 non

687 2670 904 2734 videat
939 2669 1097 2754 quid
1135 2690 1553 2753 responsurus
1584 2670 1685 2747 sit,
1716 2671 1829 2754 qui
1871 2691 1997 2732 non
2037 2680 2134 2733 est
2170 2670 2427 2753 penitus
2465 2670 2707 2733 oblitus
2750 2671 2895 2733 sui?

689 2772 1050 2835 Peccabam
1093 2792 1242 2852 ergo
1284 2791 1444 2854 puer
1489 2792 1637 2833 cum
1682 2771 1795 2833 illa
1833 2772 2053 2833 inania
2091 2771 2233 2834 istis
2271 2772 2634 2835 utilioribus
2682 2794 2896 2835 amore

687 2874 1161 2956 praeponebam,
1199 2874 1300 2934 vel
1337 2871 1555 2955 potius
1590 2872 1717 2934 ista
1754 2870 2029 2949 oderam,
2060 2873 2173 2935 illa
2200 2873 2510 2937 amabam.
2596 2874 2642 2937 J
2643 2895 2895 2936 amvero

687 2996 884 3037 unum
923 2981 988 3037 et
1022 2995 1218 3037 unum
1256 2972 1405 3050 duc,
1436 2972 1565 3035 duo
1604 2980 1670 3034 et
1710 2971 1837 3035 duo
1882 2983 2173 3057 quatuor,
2204 2973 2429 3036 odiosa
2474 2975 2691 3037 cantio
2734 2975 2893 3035 mihi
3007 2962 3008 2997 ³

685 3085 854 3152 erat3
928 3084 992 3137 et
1040 3074 1481 3137 dulcissimum
1543 3076 1980 3157 spectaculum
2038 3075 2336 3138 vanitatis
2386 3097 2590 3159 equus
2641 3076 2893 3157 ligneus

686 3178 916 3260 plenus
975 3174 1254 3249 armatiS,
1313 3184 1380 3235 et
1435 3174 1647 3257 Trojae
1704 3176 2093 3255 incendium,
2154 3187 2346 3260 atque
2402 3178 2609 3259 ipsius
2668 3179 2895 3240 umbra
3007 3258 3008 3269 ἵ

689 3276 944 3339 Creusae
956 3286 999 3335 Ρ.

774 3381 876 3438 23.
924 3374 1057 3439 Cur
1113 3396 1264 3456 ergo
1315 3376 1612 3439 Graecam
1662 3378 1853 3439 etiam
1906 3380 2380 3459 grammaticam
2434 3378 2691 3443 oderam
2744 3382 2895 3443 talia
3007 3364 3008 3395 ³

689 3475 1092 3542 cantantem?
1142 3477 1312 3538 Nam
1342 3487 1406 3540 et
1437 3479 1760 3540 Homerus
1797 3479 2038 3562 peritus
2082 3489 2296 3542 texere
2322 3481 2483 3542 tales
2509 3481 2806 3560 fabellas,
2834 3491 2897 3544 et

686 3577 1054 3640 dulcissime
1083 3598 1286 3639 vanus
1314 3586 1431 3651 est,
1457 3588 1522 3641 et
1541 3578 1701 3640 mihi
1731 3588 1944 3643 tamen
1974 3602 2224 3644 amarus
2253 3590 2388 3646 erat
2414 3604 2632 3665 puero·
2682 3583 2893 3647 Credo
3007 3610 3008 3645 ι

687 3678 876 3741 etiam
928 3677 1176 3740 Graecis
1224 3677 1440 3759 pueris
1489 3678 1798 3760 Virgilius
1832 3679 1925 3743 ita
1968 3682 2072 3759 sit,
2116 3704 2263 3745 cum
2314 3705 2459 3745 eum
2512 3683 2603 3745 sic
2646 3683 2893 3747 discere
3007 3746 3008 3763 ἢ

687 3786 1020 3859 coguntur,
1079 3786 1152 3841 111
1209 3800 1327 3859 ego
1386 3780 1587 3841 11111111.
1688 3780 2007 3845 Videlicet
2064 3780 2474 3861 difficultas*,
2544 3783 2893 3848 difficultas
3007 3832 3008 3863 z

685 3880 945 3942 omnino
983 3878 1339 3942 ediscendae
1381 3882 1733 3963 peregrinae
1776 3884 2039 3965 linguae,
2084 3885 2269 3968 quasi
2319 3886 2466 3947 felle
2510 3888 2897 3969 aspergebat

685 4002 906 4044 omnes
951 3981 1293 4043 suavitates
1353 3982 1619 4045 Graecas
1676 3984 2109 4048 fabulosarum
2152 3987 2597 4049 narrationum.
2693 3989 2896 4050 Nulla

685 4082 856 4145 0111111
904 4082 1098 4144 verba
1153 4081 1268 4145 illa
1316 4103 1637 4160 noveram,
1691 4092 1756 4146 et
1803 4086 1992 4148 saevis
2040 4087 2381 4149 terroribus
2431 4110 2505 4151 ac
2556 4090 2775 4170 poenis
2827 4100 2897 4151 ut

685 4205 938 4246 nossem
959 4184 1314 4246 instabatur
1341 4183 1502 4245 mihi
1523 4184 1945 4248 vehementer.
2013 4188 2183 4250 Nam
2206 4195 2271 4250 et
2290 4188 2523 4251 Latina
2541 4189 2896 4273 aliquando

683 4283 894 4347 infans
921 4284 1141 4368 utique
1170 4284 1351 4347 nulla
1377 4305 1713 4360 noveram3
1760 4294 1822 4347 et
1851 4294 2063 4350 tamen
2103 4288 2485 4352 advertendo
2520 4288 2721 4353 didici
2754 4292 2898 4353 sine

685 4385 818 4446 ullo
856 4394 1029 4448 metu
1065 4395 1258 4469 atque
1297 4386 1605 4461 cruciatu,
1644 4385 1807 4447 inter
1840 4389 2030 4451 etiam
2073 4390 2510 4455 blandimenta
2547 4391 2898 4469 nutricum,

1593 4522 1619 4561 Ρ
1652 4516 1839 4565 λΕηείἀ.
1866 4517 1918 4566 ii.
