3042 5059
558 289 677 349 196
1102 280 1169 343 S.
1216 275 1734 343 AUGUSTINI
1781 273 2198 339 EPISCOPI

550 460 711 518 rum,
740 457 895 503 ecce
925 432 1167 499 multa'
1192 432 1592 517 praeciderim
1613 438 1678 493 et
1699 451 1742 493 a
1760 450 1904 491 meo
1927 427 2118 493 corde
2149 425 2548 509 dispulerim,
2573 427 2770 490 sicuti

550 538 805 603 donasti
832 559 935 600 me
964 536 1193 612 facere,
1224 536 1405 597 Deus
1436 530 1660 594 salutis
1691 550 1888 605 meae3
1934 537 2214 592 attamen
2255 526 2518 609 quando
2559 526 2772 589 audeo

552 639 787 715 dicere,
832 658 979 701 cum
1026 635 1523 717 circumquaque
1574 629 2020 715 quotidianam
2069 629 2264 691 vitam
2303 634 2593 690 nostram
2639 635 2773 689 tam

552 741 753 805 multa
807 735 1001 820 hujus
1052 734 1302 816 generis
1350 753 1562 814 rerum-
1609 731 2175 812 circumstrepant3
2243 727 2506 811 quando
2559 726 2772 790 audeo

552 841 763 905 dicere
790 839 971 900 nulla
996 857 1065 898 re
1094 836 1211 898 tali
1238 855 1341 897 me
1380 834 1698 896 intentum
1735 831 1876 895 fieri
1915 831 1999 895 ad
2037 829 2480 913 spectandum,
2509 836 2580 891 et
2606 849 2776 891 vana

552 960 705 1004 cura
732 934 1163 1022 capiendum?
1238 934 1409 998 Sane
1438 955 1542 996 me
1559 932 1698 1017 jam
1727 932 1977 995 theatra
2001 952 2133 993 non
2161 930 2443 1014 rapiunt,
2457 950 2585 993 nec
2617 950 2774 993 curo

550 1060 741 1101 nosse
798 1037 1101 1101 transitus
1152 1033 1452 1110 siderum,
1498 1054 1620 1097 nec
1671 1032 1888 1097 anima
1933 1052 2076 1093 mea
2121 1051 2408 1114 unquam
2459 1050 2776 1111 responsa

552 1138 849 1223 quaesivit
876 1138 1277 1209 umbrarum3
1323 1133 1542 1197 omnia
1569 1132 1882 1212 sacrilega
1907 1141 2302 1195 sacramenta
2329 1130 2633 1193 detestor.
2715 1132 2776 1191 A

554 1249 640 1317 te,
659 1238 939 1302 Domine
968 1238 1151 1299 Deus
1178 1256 1381 1311 1110113,
1404 1234 1511 1297 0111
1534 1233 1875 1296 humilem⁸
1905 1232 2283 1295 famulatum
2303 1252 2380 1295 ac
2405 1232 2774 1313 simplicem

554 1340 781 1417 debeo,
826 1337 1084 1423 quantis
1140 1357 1391 1399 mecum
1450 1333 1934 1415 suggestionum
1991 1332 2582 1395 machinationibus
2641 1331 2780 1411 agit

554 1441 879 1517 inimicus,
898 1447 972 1502 ut
994 1439 1252 1517 signum
1274 1434 1540 1519 aliquod
1556 1431 1802 1516 petam!
1853 1431 1984 1496 Sed
2007 1434 2275 1496 obsecro
2296 1440 2360 1495 te
2379 1453 2500 1514 per
2519 1434 2773 1512 Regem

554 1548 865 1615 nostrum,
892 1547 959 1603 et
999 1538 1273 1621 patriam
1314 1536 1672 1600 Jerusalem
1717 1533 2096 1616 simplicem,
2133 1539 2400 1609 castam,
2428 1542 2505 1594 ut
2550 1554 2772 1615 quem·

556 1640 901 1705 admodum
930 1662 971 1703 a
996 1659 1099 1701 me
1132 1639 1325 1719 longe
1367 1645 1466 1699 est
1500 1635 1628 1697 ista
1659 1634 2020 1712 consensio,
2049 1634 2142 1718 ita
2171 1634 2257 1697 sit
2285 1653 2542 1715 semper
2581 1634 2773 1713 longe

557 1752 750 1827 atque
796 1742 1074 1823 longius.
1163 1741 1288 1802 Pro
1342 1740 1546 1802 salute
1591 1746 1806 1801 autem
1855 1736 2236 1821 cujusquam
2285 1756 2436 1799 cum
2485 1745 2550 1799 te
2597 1757 2774 1816 roge,

559 1843 723 1907 alins
742 1843 1013 1905 multum
1034 1840 1331 1903 differens
1352 1838 1503 1901 finis
1525 1848 1624 1901 est
1641 1837 2016 1901 intentionis
2033 1857 2226 1913 meae3
2261 1842 2328 1898 et
2347 1844 2411 1898 te
2429 1835 2774 1900 facientem

560 1943 736 2027 quod
764 1944 885 2020 vis,
914 1942 1030 2005 das
1048 1940 1077 1969 ⁶
1108 1942 1289 2017 mihi,
1322 1950 1387 2004 01
1416 1940 1602 2004 dabis
1631 1942 1903 2004 libenter
1933 1940 2136 2024 sequi.

643 2049 746 2104 57.
792 2045 1245 2105 Verumtamen
1274 2043 1345 2103 in
1375 2063 1572 2125 quarn
1607 2042 1826 2104 multis
1867 2040 2312 2103 minutissimis
2341 2047 2406 2102 et
2435 2048 2772 2121 contemp·

557 2143 849 2209 tibilibus
888 2143 1080 2205 rebus
1118 2142 1455 2205 curiositas
1499 2142 1786 2225 quotidie
1828 2150 2048 2205 nostra
2081 2138 2431 2216 tentatur⁸3
2473 2150 2542 2205 et
2577 2162 2772 2224 quam

561 2265 734 2327 saepe
790 2245 1101 2319 labamur,
1160 2243 1307 2327 quis
1358 2242 1741 2308 enumerat?
1819 2245 2088 2318 Quoties
2145 2251 2474 2307 narrantes
2531 2243 2780 2320 inania,-

557 2345 767 2428 primo
813 2344 998 2427 quasi
1040 2344 1383 2407 toleramus
1425 2366 1509 2407 ne
1555 2346 1952 2409 offendamus
1995 2345 2304 2422 infirmOS,
2335 2344 2574 2407 deinde
2615 2366 2768 2427 pau-

558 2445 743 2509 latim
783 2445 1059 2508 libenter
1100 2444 1526 2508 advertimus!
1605 2447 1849 2510 Canem
1894 2454 2246 2509 currentem
2289 2453 2440 2528 post
2484 2447 2768 2528 leporem

548 2545 689 2630 jam
732 2566 863 2607 11011
909 2554 1154 2630 specte,
1195 2567 1342 2609 cum
1385 2546 1454 2607 in
1498 2547 1670 2609 circo
1715 2546 1827 2609 fit:
1877 2556 1943 2610 at
1987 2569 2134 2611 vero
2175 2546 2246 2609 in
2291 2568 2470 2641 agre,
2511 2547 2572 2609 si
2619 2568 2772 2610 casu

560 2654 899 2721 transeam,
929 2647 1156 2709 avertit
1182 2668 1285 2709 me
1315 2646 1600 2709 fortassis
1631 2655 1694 2709 et
1722 2648 1805 2711 ab
1837 2648 2056 2732 aliqua
2091 2668 2324 2729 magna
2360 2648 2770 2728 cogitatione,

562 2753 757 2829 atque
787 2744 868 2809 ad
900 2768 967 2809 se
997 2746 1307 2809 convertit
1332 2746 1447 2809 illa
1473 2747 1728 2809 venatio
1740 2771 1758 2824 3
1791 2770 1924 2811 non
1953 2747 2203 2811 deviare
2233 2768 2476 2828 cogens
2506 2748 2771 2831 corpore

552 2849 853 2934 jumenti,
892 2847 1005 2911 sed
1049 2848 1261 2912 cordis
1303 2849 1739 2913 inclinatione.
1826 2852 1920 2913 Et
1959 2852 2087 2914 nisi
2121 2850 2260 2935 jam
2305 2850 2463 2913 mihi
2509 2849 2768 2912 demon·

565 2957 761 3013 strata
797 2948 1165 3013 infirmitate
1206 2970 1369 3027 mea,
1400 2949 1530 3013 cito
1559 2949 1926 3027 admoneaS,
1958 2961 2069 3016 aut
2095 2972 2180 3015 ex
2209 2951 2354 3033 ipsa
2381 2951 2634 3013 visione
2661 2973 2772 3034 per

564 3051 846 3135 aliquam
886 3048 1458 3114 considerationem
1494 3049 1566 3112 in
1605 3062 1667 3113 te
1707 3072 2056 3133 assurgere,
2089 3060 2200 3115 aut
2236 3060 2440 3114 totum
2485 3060 2770 3114 contem-

564 3171 716 3213 nere
772 3156 963 3233 atque
1022 3150 1311 3225 transire,
1359 3171 1562 3212 vanus
1620 3151 1917 3215 hebesco,
2009 3152 2182 3225 Quid
2243 3174 2392 3215 cum
2439 3174 2544 3215 me
2597 3151 2770 3214 domi

566 3250 891 3314 sedentem
954 3252 1161 3313 stellio
1231 3272 1487 3313 muscas
1545 3259 1832 3333 captans,
1891 3254 1990 3315 vel
2049 3274 2278 3316 aranea
2333 3252 2579 3315 retibus
2639 3252 2772 3315 sui-s

563 3351 874 3413 irruentes
916 3350 1281 3433 implicanS,
1320 3372 1490 3433 saepe
1534 3351 1852 3413 intentum
1893 3351 2088 3415 facit?
2159 3354 2336 3415 Num
2381 3352 2538 3436 quia
2576 3374 2774 3435 parva

567 3459 717 3513 sunt
757 3450 1077 3526 animalia,
1108 3450 1255 3514 ideo
1300 3472 1429 3513 non
1474 3472 1576 3513 res
1619 3451 1842 3514 eadem
1888 3452 2168 3532 geritur?
2242 3453 2450 3534 Pergo
2493 3453 2646 3515 inde
2691 3453 2772 3515 ad

563 3548 959 3613 laudandum
990 3558 1077 3624 te,
1110 3561 1453 3613 creatorem
1490 3551 1835 3616 mirificum
1874 3561 2067 3637 atque
2105 3554 2533 3617 ordinatorem
2565 3576 2770 3616 rerum

568 3650 873 3725 omnium,
904 3650 1017 3712 sed
1062 3672 1192 3711 non
1235 3651 1385 3713 inde
1432 3674 1572 3715 esse
1613 3654 1898 3719 intentus
1940 3657 2200 3739 incipio.
2292 3656 2489 3719 Aliud
2518 3665 2620 3719 est
2643 3657 2774 3721 cito

633 3822 657 3848 θ
692 3814 723 3864 J
729 3830 808 3863 am
840 3828 947 3862 vero
971 3822 1021 3863 ut
1045 3822 1339 3889 perseverent
1360 3813 1407 3860 in
1432 3830 1488 3862 eo
1508 3814 1636 3879 quod
1701 3818 1979 3865 severaturis
1995 3817 2088 3866 Dei
2103 3817 2405 3890 permissione
2423 3820 2495 3867 vel
2513 3818 2771 3885 provisione

572 3895 675 3929 esse
704 3888 969 3953 coeperunn
1004 3877 1146 3927 etiam
1184 3894 1264 3940 pro
1288 3894 1337 3927 se
1360 3877 1473 3943 ipsis
1502 3888 1639 3927 orant
1704 3896 1758 3928 00
1778 3880 2080 3945 dispositione
2093 3882 2377 3941 miscentur
2411 3884 2584 3945 quibus
2599 3884 2775 3932 0011011-

570 3944 757 3995 fideles.
826 3943 956 3993 Utile
990 3952 1062 3993 est
1093 3942 1267 4007 quippe
1306 3943 1526 3991 omnibus
1565 3944 1638 3992 vel
1703 3946 1858 3993 tibus·
1883 3946 2028 3995 territi
2045 3961 2151 3993 cum
2177 3947 2342 3995 timore
2363 3955 2409 3994 et
2433 3950 2647 3997 tremore'
2669 3964 2770 4010 gra-

571 4026 693 4084 pene
714 4008 929 4058 omnibus
952 4016 1138 4073 propter
1160 4007 1472 4055 humilitatem
1510 4008 1637 4055 salu·
1705 4010 1890 4057 diamur
1910 4010 2028 4057 viam
2047 4008 2241 4073 justam,
2261 4011 2412 4059 donec
2435 4027 2493 4059 ex
2516 4013 2640 4060 hac‘
2657 4014 2768 4069 vita,

574 4074 837 4127 berrimam,
856 4081 909 4121 ut
963 4074 1093 4121 1101οε
1117 4072 1259 4119 futuri
1282 4072 1391 4129 sint,
1406 4072 1523 4119 scire
1548 4087 1640 4119 non
1705 4074 2019 4136 quaetentatio
2031 4082 2102 4122 est
2114 4077 2469 4139 superterram‚'
2480 4084 2771 4126 transeamus

570 4138 769 4202 possint.
824 4090 1037 4185 Ad‘lioc
1072 4136 1259 4189 dicitur,
1294 4136 1425 4194 ‘Qui
1461 4135 1642 4184 videtur
1707 4138 1768 4185 ad
1793 4139 1954 4193 aliam.
1979 4137 2092 4187 ubi
2075 4154 2178 4201 Jam
2201 4153 2294 4186 non
2319 4140 2377 4186 sit
2398 4138 2542 4187 elatio
2571 4141 2769 4203 compri-

570 4209 712 4254 stare‚
746 4200 906 4248 videat
939 4215 997 4248 ne
1030 4200 1205 4249 cadat-⁹
1274 4200 1468 4275 Propter
1500 4199 1640 4263 hujus
1706 4204 1896 4261 menda,
1917 4218 2002 4249 nec
2025 4210 2188 4249 contra
2209 4202 2311 4265 ejus
2327 4204 2655 4267 suggestiones
2675 4214 2769 4253 ten-

570 4264 747 4311 timoris
786 4264 1053 4319 utilitatem,
1090 4279 1147 4311 ne
1181 4263 1437 4325 regenerati
1478 4270 1526 4309 et
1561 4264 1637 4328 pie
1706 4268 1993 4329 rationesque
2017 4266 2308 4315 luctandum.
2383 4268 2511 4332 Aug.
2539 4268 2640 4335 Ep.
2661 4271 2770 4318 217.

571 4325 729 4373 vivere
756 4325 1051 4389 incipiente&
1084 4334 1324 4389 tamquam
1358 4327 1505 4375 securi
1541 4328 1640 4375 alta
1707 4332 1848 4393 §.14.

571 4388 828 4447 sapiamus,
841 4388 1035 4449 quidam
1058 4404 1150 4436 non
1176 4390 1509 4453 perseveraturi
1533 4406 1638 4455 per-

2967 2 2994 302 1

2976 353 2996 606 Ι

2969 638 2996 905 Ι

2979 935 2996 1183 1

2990 3367 3001 3432 —
2988 3200 3001 3290 ι-
2986 3061 3000 3152 -
2981 2887 3000 3046 *1⁴
2982 2705 2996 2822 ¹——
