3042 5059
651 388 1370 455 CONFESSIONUM
1415 393 1700 459 LIBER
1744 398 1822 459 V.
2258 403 2338 461 77

121 550 198 607 ut
244 542 430 607 aliud
478 542 560 607 de
610 543 725 606 illo
771 564 902 605 non
953 544 1294 624 crederem,
1345 547 1472 611 nisi
1527 548 1703 632 quod
1752 570 2009 632 possem
2059 554 2339 617 vanitate

120 644 484 725 imaginari.
576 646 804 709 Talem
833 646 1054 729 itaque
1101 652 1394 711 naturam
1441 645 1581 731 ejus
1621 649 1806 711 nasci
1851 671 1985 713 non
2021 673 2215 735 posse
2258 653 2339 717 de

123 746 342 808 Maria
367 746 615 827 virgine
651 746 1022 825 arbitrabar,
1050 746 1178 809 nisi
1215 748 1392 811 carni
1427 758 1928 813 concerneretur.
2020 753 2340 817 Concerni

123 856 341 911 autem
371 855 438 911 et
463 870 595 911 non
632 848 958 933 inquinari
997 871 1130 913 non
1169 850 1488 931 videbam,
1521 851 1697 936 quod
1733 852 1895 915 mihi
1936 855 2063 917 tale
2106 855 2339 936 figura·-

122 949 296 1010 bam.
387 949 763 1012 Metuebam
795 949 1014 1033 itaque
1053 950 1308 1014 credere
1341 952 1412 1015 in
1448 972 1640 1015 carne
1666 960 1890 1015 natum
1904 964 1945 1031 ⁸,
1972 974 2055 1017 ne
2085 955 2341 1021 credere

121 1068 388 1129 cogerer
429 1070 514 1112 ex
561 1070 750 1111 came
792 1050 1218 1133 inquinatum.
1310 1052 1504 1114 Nunc
1546 1052 1909 1135 spirituales
1952 1055 2048 1117 tui
2101 1054 2341 1118 blande

120 1159 186 1213 et
233 1160 522 1215 amanter
563 1149 866 1215 ridebunt
904 1174 1030 1229 me,
1072 1154 1128 1215 si
1165 1154 1285 1217 has
1328 1154 1762 1220 confessiones
1806 1178 1985 1221 meas
2033 1158 2336 1239 legerint:

121 1250 238 1314 sed
266 1260 483 1315 tamen
513 1252 662 1316 talis
691 1274 882 1320 eram.

207 1356 314 1415 21.
348 1353 609 1416 Deinde
638 1375 782 1438 quae
809 1353 908 1416 illi
945 1353 1015 1415 in
1047 1354 1394 1438 Scriptus-is
1423 1356 1555 1419 tuis
1594 1356 2134 1440 reprehenderant
2144 1358 2196 1437 ⁶,
2227 1359 2335 1423 de·
2419 1374 2508 1423 XI.

120 1453 298 1517 feudi
327 1475 522 1536 posse
550 1476 682 1516 non
721 1454 1202 1518 existimabam:
1249 1456 1365 1518 sed
1393 1458 1741 1543 aliquando
1782 1481 1934 1523 sane
1975 1462 2336 1545 cupiebam,
2353 1438 2573 1565 ffigffff

121 1576 272 1619 oum
311 1555 533 1639 aliquo
573 1556 829 1618 illorum
865 1556 1170 1619 librorum
1210 1556 1583 1621 doctissimo
1627 1560 1909 1624 conferre
1954 1562 2227 1644 singula,
2272 1571 2339 1626 et
2356 1567 2479 1616 tinus

123 1656 403 1738 experiri
456 1656 618 1740 quid
663 1656 816 1719 inde
867 1656 1146 1720 sentiret.
1233 1659 1278 1720 J
1279 1679 1382 1720 am
1434 1659 1606 1723 enim
1653 1661 1951 1744 Helpidii
2001 1662 2334 1747 cujusdam
2350 1632 2562 1744 ξξζᾚξ

125 1755 429 1819 adversus
481 1757 742 1820 eosdem
788 1756 1196 1820 Manichaeos
1243 1779 1457 1821 coram
1496 1761 1823 1843 loquentis
1864 1769 1929 1825 et
1967 1762 2337 1829 disserentis
2352 1760 2511 1808 catho-

125 1880 469 1936 sermoneS,
497 1860 690 1923 etiam
720 1860 896 1943 apud
927 1860 1382 1943 Carthaginem
1404 1882 1657 1926 movere
1686 1884 1789 1925 me
1818 1874 2167 1947 coeperant,
2188 1888 2336 1930 eum
2354 1824 2472 1872 l1c1s.

123 1959 276 2023 talia
318 1959 400 2023 de
439 1960 786 2044 Scripturis
816 1960 1142 2044 proferret,
1189 1962 1424 2045 quibus
1457 1962 1669 2027 resisti
1706 1963 1892 2027 facile
1926 1986 2058 2028 non
2094 1976 2337 2049 posset,

123 2067 186 2121 et
211 2059 546 2124 imbecilla
569 2061 731 2123 mihi
750 2062 1086 2143 responsio
1107 2060 1444 2125 videbatur
1457 2063 1743 2126 istorum.
1834 2064 2045 2136 Quam
2074 2066 2335 2149 quidem

120 2181 250 2222 non
279 2161 473 2224 facile
498 2162 714 2243 palam
741 2162 1140 2244 promebant,
1171 2161 1286 2225 sed
1312 2162 1502 2225 nobis
1526 2164 1851 2241 secretiuS,
1874 2186 2023 2228 cum
2051 2165 2337 2231 dicerent

123 2261 473 2344 scripturas
512 2262 686 2324 Novi
720 2262 1116 2325 Testamenti
1154 2261 1444 2327 falsatast
1487 2263 1684 2328 fuisse
1728 2286 1767 2328 a
1806 2266 2028 2331 nescio
2075 2268 2333 2351 quibus,

186 2458 207 2485 ⁸
245 2450 362 2501 Vid.
407 2466 514 2517 sup.
557 2468 604 2500 c.
645 2452 694 2501 9.
739 2458 835 2500 not.
913 2453 1010 2501 Οὐκ
1054 2452 1200 2509 obrius
1268 2454 1380 2505 xxii.
1408 2458 1485 2505 15.
1556 2456 1855 2506 Manichaeus
1877 2457 2071 2523 impiam
2104 2466 2151 2508 te
2171 2458 2332 2509 docuit

124 2516 288 2577 ἥψατο
319 2516 484 2583 σαρκὶ.-
521 2518 602 2576 (ri
633 2518 750 2577 φὸς)
789 2516 1030 2583 [Xge'e-roe]
1065 2521 1202 2568 ἀλλὰ
1266 2522 1703 2585 perversitatem,ut
1715 2537 1771 2570 ex
1786 2524 2170 2587 evangelioquod
2184 2524 2331 2572 baere-

121 2582 370 2643 Spartiates
405 2584 488 2629 καὶ
531 2582 745 2643 exsistas-a
788 2583 948 2648 σκςκὸς
994 2585 1200 2637 {enadda
1267 2586 1340 2632 sin
1385 2595 1517 2634 tuam
1563 2602 1656 2634 non
1702 2586 1916 2651 impedit,
1952 2587 2171 2651 accipin,
2204 2590 2331 2652 quod

119 2646 194 2693 ἵνα
215 2647 284 2707 μὲ
308 2648 510 2711 neae-2153
539 2645 610 2694 διὸ
638 2648 716 2699 τῆς
749 2646 894 2700 οὒσῖας
927 2650 1008 2701 τῆς
1036 2648 1198 2714 caen&
1267 2656 1425 2697 autem
1454 2649 1666 2713 impedit,
1702 2665 1794 2697 non
1830 2652 2051 2717 accipias.
2089 2667 2132 2700 c.
2171 2653 2207 2699 F
2213 2660 2333 2701 aust.

119 2710 205 2758 καὶ
235 2712 362 2777 πάθῃ
396 2713 476 2759 καὶ
496 2713 675 2793 placiti.
702 2712 780 2763 τῆς
803 2711 988 2766 enoc-iae
1011 2714 1195 2779 φΙαςοῦ·
1261 2714 1392 2762 xviii.
1417 2715 1462 2762 7.
1517 2716 1639 2762 Haec
1662 2714 1735 2762 illi
1759 2716 1912 2763 solent
1934 2732 1963 2764 a
1983 2717 2333 2781 corruptoribus

121 2793 201 2829 eus
258 2776 404 2823 αὕτοῧ
453 2776 534 2827 «ἦν
587 2778 798 2841 insequar
850 2778 930 2829 τὴν
991 2778 1194 2839 perunit

119 2840 331 2904 (Manes
353 2842 447 2907 Ep.
472 2840 534 2887 ad
557 2840 730 2888 Zeben.
743 2856 820 2906 ap.
841 2842 1028 2889 Fabric.
1044 2844 1104 2891 B.
1125 2835 1199 2893 ΟΣ

121 2921 165 2951 v.
213 2903 385 2966 284.).
451 2904 876 2968 Incoinquinabilis
927 2907 1192 2956 substantia

123 2984 218 3015 non
261 2969 372 3017 ideo
417 2984 510 3016 non
543 2968 888 3033 coinquinatur.
921 2970 1036 3032 quia
1069 2971 1189 3019 nihil

121 3032 332 3096 attingit,
355 3034 438 3081 sed
461 3033 576 3097 quia
594 3041 838 3097 permanet
859 3033 910 3080 in
940 3048 1025 3081 sua
1053 3050 1191 3083 mun-

1261 2778 1603 2842 scripturarum
1618 2777 1829 2827 immissa
1842 2795 1943 2828 esse
1965 2780 2119 2828 dicere
2136 2797 2149 2839 3
2172 2794 2323 2844 usque

1260 2842 1378 2890 adeo
1401 2842 1518 2889 nihil
1542 2842 1719 2905 habent
1746 2843 1873 2905 quod
1898 2843 2244 2904 contradicant,
2268 2853 2323 2893 ut

1257 2905 1358 2955 hec
1397 2906 1553 2954 miseri
1585 2908 1865 2971 respondere
1902 2917 2145 2969 cogantur.
2227 2910 2321 2957 Sed

1255 2972 1364 3033 quis
1402 2986 1494 3019 non
1533 2970 1770 3035 intelligat
1819 2973 2137 3019 convictorum
2172 2972 2320 3020 homi·

1255 3049 1368 3082 num
1411 3034 1554 3082 aliam
1592 3050 1683 3083 non
1726 3049 1827 3082 esse
1865 3038 2069 3100 potuisse
2105 3036 2319 3085 ultimam

121 3096 260 3153 ditia,
306 3097 636 3161 qualecunque
678 3098 756 3153 sit,
801 3097 915 3161 quid
966 3098 1191 3161 attigerit.

123 3161 259 3209 Sicut
291 3177 463 3227 corpus
496 3162 838 3210 invulnerabile
865 3168 949 3209 aut
980 3161 1044 3209 im
1081 3178 1188 3212 ene·

124 3226 294 3274 trabile
317 3225 548 3289 numquid
571 3226 690 3273 illud
713 3226 928 3279 dicimus.
948 3242 1042 3289 quo
1098 3244 1190 3275 non

121 3290 384 3354 percutitur
404 3290 543 3347 ferro,
565 3290 647 3337 sed
671 3291 842 3354 potius.
866 3290 992 3354 quod
1025 3292 1189 3348 etiam,

121 3369 230 3426 cum
277 3354 555 3428 percutitur,
596 3369 686 3402 non
721 3356 1029 3429 penetratur!
1127 3356 1192 3403 Et

123 3417 1193 3556 {12²⁰2322311502‘⁰}’.23²232¹¹2311¹133511¹222¹³33}

183 3562 205 3593 r
227 3545 458 3593 feminam
483 3556 620 3594 natus
649 3553 737 3599 est.
757 3561 900 3609 quam
913 3547 962 3595 ,si
997 3562 1091 3595 non
1145 3562 1194 3594 er

140 3610 348 3657 eminam
407 3618 710 3665 nascentum·
743 3617 793 3658 et
843 3610 1054 3659 membra
1105 3628 1120 3658 1
1145 3612 1194 3659 la

123 3674 409 3728 devitassetg
467 3674 700 3721 videretur
753 3673 878 3721 enim
933 3674 1190 3737 judicasse,

123 3752 256 3810 posse
289 3754 344 3785 se
381 3736 494 3785 inde
529 3737 697 3801 pollui,
731 3747 778 3785 et
809 3740 966 3785 minus
997 3753 1028 3785 a
1059 3739 1195 3787 nobis

122 3800 538 3914 incpli‘nquinabilis
557 3800 806 3850 diceretur.
843 3802 1000 3851 Euod.
1022 3802 1082 3851 de
1103 3803 1196 3851 fide

123 3882 202 3963 at
238 3901 354 3979 blan
390 3929 494 3978 deci
531 3928 649 3983 iunt.
684 3929 774 3977 nisi
807 3946 914 3977 cum
949 3930 1192 3979 scientiam

122 4010 264 4058 quam
305 4010 402 4041 non
434 3946 659 4042 exbibent
692 3994 993 4059 pollicentur,
1031 4005 1080 4043 et
1112 3995 1195 4042 ad-

123 4066 362 4107 versantes
385 4057 507 4121 Legi
529 4065 579 4105 et
601 4058 866 4123 Prophetis,
883 4074 1194 4122 quaecumque

121 4122 178 4170 de
209 4122 308 4171 illis
331 4121 592 4185 Apostolus
613 4122 828 4175 ‚sermoni
863 4138 948 4171 suo
983 4123 1192 4180 inseruit,

118 4186 235 4235 falsa
257 4194 310 4235 et
333 4202 362 4234 a
381 4186 734 4250 corruptoribus
754 4185 962 4235 immissa
978 4202 1080 4235 esse
1103 4186 1194 4235 cri·

119 4250 376 4300 minantur.
419 4251 548 4313 Aug.
577 4251 638 4299 de
661 4250 774 4299 Div.
800 4251 986 4308 Qua-,st-
1008 4252 1088 4299 83.
1110 4266 1193 4314 qu.

117 4316 196 4363 68.
235 4314 482 4373 Quoniam
506 4314 750 4378 privilegio
767 4315 972 4379 quodam
994 4330 1074 4362 vos
1090 4322 1192 4364 tue·

117 4379 245 4436 mini,
268 4387 326 4428 ut
348 4379 410 4429 de
433 4378 688 4444 Scripturis
709 4378 908 4445 opprimi
931 4380 1190 4441 nequeatis,

115 4443 320 4493 dicendo
341 4459 430 4492 eas
451 4458 557 4491 esse
581 4442 795 4493 falsatas.
837 4444 918 4491 De
941 4458 1060 4492 mor.
1074 4445 1188 4491 Ma-

117 4508 236 4557 nich.
274 4508 312 4559 l.
347 4508 402 4559 ii.
439 4508 483 4570 §.
517 4510 600 4558 55.
631 4506 695 4558 cf.
723 4522 771 4557 c.
804 4508 968 4557 Faust.
1005 4506 1106 4559 xiii.
1141 4510 1188 4556 5.

1257 3100 1450 3147 vocem?
1494 3099 1625 3161 Aug.
1654 3099 1713 3147 de
1750 3114 1865 3148 mor.
1900 3099 2033 3147 Eccl.
2056 3100 2201 3148 Cath.
2224 3100 2257 3147 1.
2286 3102 2320 3149 i.

1255 3176 1296 3209 c.
1331 3164 1382 3209 9.
1461 3163 1540 3209 De
1572 3164 1876 3212 Testamento
1913 3179 2035 3212 novo
2062 3165 2163 3211 sola
2198 3164 2321 3212 acci-

1255 3224 1436 3287 pientes
1465 3240 1541 3285 ea,
1564 3242 1670 3289 quae
1702 3227 1750 3274 in
1785 3226 2005 3276 honorem
2042 3235 2091 3275 et
2124 3227 2317 3275 laudem

1254 3289 1339 3336 filii
1359 3289 1618 3353 majestatis
1638 3292 1713 3338 vel
1738 3291 1798 3338 ab
1820 3290 1921 3355 ipso
1941 3290 2071 3339 dicta
2094 3292 2321 3357 comperi-

1255 3369 1377 3412 mus,
1403 3355 1474 3402 vel
1497 3355 1559 3403 ab
1580 3355 1682 3418 ejus
1703 3354 1961 3419 Apostolis,
1984 3356 2066 3404 sed
2092 3354 2193 3417 jam
2218 3372 2322 3420 per-

1256 3418 1394 3465 fectis
1409 3433 1467 3467 ac
1483 3418 1719 3477 fidelibus,
1734 3419 2135 3467 dissimulavimus
2147 3428 2321 3478 cetera,

1259 3497 1364 3544 quae
1399 3489 1482 3530 aut
1519 3483 1794 3548 simpliciter
1824 3492 1937 3532 tunc
1970 3491 2019 3532 et
2052 3483 2325 3545 ignoranter

1259 3562 1288 3593 a
1311 3546 1506 3593 rudibus
1530 3545 1672 3605 dicta,
1696 3554 1781 3595 aut
1808 3548 2001 3611 oblique
2034 3560 2083 3595 et
2115 3547 2323 3611 maligne

1259 3610 1320 3658 ab
1347 3609 1549 3658 inimicis
1580 3610 1783 3673 objecta,
1822 3620 1905 3659 aut
1936 3612 2259 3677 imprudenter
2296 3628 2323 3661 a

1259 3674 2087 3803 {fissffllfffbfficssffi'ssss‘issu¹33.ss
2104 3678 2326 3788 ³³:135:ss

1450 3774 1463 3797 2
2104 3775 2118 3796 9

1259 3818 1318 3850 ex
1334 3802 1531 3851 soemina
1547 3804 1637 3853 «Sic.
1670 3804 1833 3851 Faust.
1844 3803 1985 3851 xxxii.
2001 3805 2049 3852 ⁷.
2062 3804 2124 3853 cf.
2144 3804 2209 3851 ib.
2224 3820 2266 3851 c.
2278 3807 2295 3851 l
2306 3840 2321 3861 ,

1258 3866 1368 3920 2,6.
1388 3865 1575 3914 Videtis
1592 3883 1702 3929 ergo
1718 3867 1917 3930 (optime
1928 3868 2177 3941 respondet
2195 3867 2321 3929 Aug.

1259 3944 1307 3978 c.
1335 3930 1442 3990 19.)
1467 3930 1513 3978 id
1539 3939 1621 3977 v'os
1644 3946 1799 3992 agere,
1822 3938 1875 3979 ut
1896 3946 2047 3979 omnis
2082 3930 2142 3978 de
2163 3930 2323 3979 medio

1259 3994 1603 4059 Scripturarum
1656 3993 1891 4042 auferatur
1944 3996 2217 4047 auctorita,
2275 4002 2323 4041 et

1259 4074 1374 4106 suus
1407 4057 1577 4121 cuique
1613 4057 1797 4105 animus
1827 4064 1987 4105 auctor
2022 4058 2099 4113 sit,
2121 4057 2235 4119 quid
2272 4058 2319 4105 in

1257 4137 1444 4185 quaque
1467 4121 1710 4184 Scriptura
1732 4121 1913 4185 probet,
1936 4120 2049 4182 quid
2072 4121 2321 4187 improbet,

1258 4187 1306 4234 id
1339 4196 1428 4242 est,
1462 4193 1516 4233 ut
1546 4201 1641 4233 non
1674 4184 1937 4233 auctoritati
1974 4184 2319 4247 scripturarum

1259 4250 1532 4324 subjiciatur
1544 4249 1617 4323 ‘ad
1652 4248 1810 4304 fidem,
1832 4249 1913 4323 sed
1935 4246 2038 4322 sibi·
2058 4248 2323 4320 Spripturas

1257 4315 1781 4453 31⁵3.1⁸:1¹,¹’{‚¹333‘1;.2⁰3;
1806 4312 2008 4425 ἓὶἐῖἒῗῑ
2026 4311 2323 4426 ’ῗὲοΐέἓῖἓῗὲ

1255 4450 1478 4507 scriptum
1499 4441 1695 4505 legitur3
1730 4439 1810 4491 sed
1832 4440 1939 4489 ideo
1952 4447 2077 4490 recte
2093 4440 2320 4507 scriptum

1255 4506 1487 4565 videatur,
1508 4505 1624 4571 quia
1644 4506 1733 4555 hoc
1754 4504 1827 4555 illi
1848 4505 2047 4571 placuit.
