3042 5059
653 309 656 310 *
751 332 1470 397 CONFEssmNUM
1515 334 1803 397 LIBER
1846 334 1961 397 v1.
2371 338 2455 427 89

243 484 377 549 fide
393 485 752 565 retinerem,
764 486 845 551 de
867 488 1104 571 quibus
1118 489 1490 571 parentibus
1509 495 1684 551 ortus
1703 509 1930 565 essem,
1952 489 2127 572 quod
2146 488 2305 555 scire
2325 492 2459 551 non

239 606 524 669 possem,
553 588 683 651 nisi
711 587 1028 652 audiendo
1067 589 1516 654 credidissem:
1562 589 1936 672 persuasisti
1974 591 2154 669 mihi,
2182 611 2314 654 non
2344 590 2457 674 qui

242 687 580 751 crederent
628 689 842 751 Libris
893 690 1042 766 tuis,
1083 712 1246 774 quos
1295 699 1471 755 tanta
1514 690 1585 753 in
1632 690 1930 753 omnibus
1980 691 2108 754 fere
2158 692 2456 772 gentibus

241 790 624 852 auctoritate
653 787 995 868 fundasti³3
1043 792 1158 854 sed
1200 792 1312 875 qui
1355 813 1488 855 non
1527 792 1857 854 crederent
1893 812 2034 853 esse
2078 792 2455 874 culpandOS,

237 910 362 952 nee
393 890 750 954 audiendos
779 912 942 971 esse,
965 893 1021 955 si
1052 894 1165 977 qui
1194 893 1352 956 forte
1381 893 1541 955 mihi
1566 893 1877 956 dicerent:
1928 891 2121 956 Unde
2152 892 2279 956 scis
2305 893 2453 955 illos

236 990 474 1054 Libros
531 993 725 1056 unius
781 994 914 1055 veri
959 1002 1024 1057 et
1065 995 1454 1058 veracissimi
1500 994 1629 1057 Dei
1688 994 1917 1077 spiritu
1973 1016 2113 1057 esse
2170 995 2453 1057 humano

237 1094 456 1172 generi
494 1094 933 1159 ministratos?
1010 1095 1306 1179 Idipsum
1349 1096 1518 1159 enim
1560 1097 1842 1159 maxime
1882 1095 2269 1159 credendum
2299 1105 2451 1173 erat,

235 1194 544 1276 quoniam
591 1197 772 1260 nulla
818 1198 1201 1280 pugnacitas
1253 1197 1787 1261 calumniosarum
1839 1196 2287 1280 quaestionum,
2336 1219 2453 1281 per

231 1305 366 1359 tam
394 1300 600 1361 multa
628 1321 772 1382 quae
801 1301 1080 1381 legeram
1108 1301 1275 1363 inter
1296 1322 1363 1363 se
1387 1300 1869 1381 confligentium
1896 1300 2450 1382 philosophorum,

231 1406 618 1483 extorquere
661 1401 821 1463 mihi
873 1403 1086 1485 potuit
1128 1410 1201 1465 ut
1245 1401 1594 1485 aliquando
1639 1422 1769 1464 non
1816 1402 2157 1478 crederem,
2200 1410 2263 1465 te
2308 1422 2449 1463 esse

229 1498 558 1583 quidquid
615 1524 788 1565 esses
847 1503 1023 1586 quod
1081 1525 1202 1584 ego
1259 1504 1573 1567 nescirem
1600 1526 1617 1580 ;
1681 1510 1792 1565 aut
1838 1502 2447 1567 administrationem

226 1621 443 1663 rerum
471 1603 894 1667 humanarum
923 1604 1006 1667 ad
1034 1613 1097 1668 te
1127 1604 1462 1687 pertinere.

321 1707 381 1765 8.
431 1703 563 1767 Sed
590 1704 660 1767 id
689 1705 1024 1769 credebam
1055 1706 1400 1790 aliquando
1428 1706 1776 1783 robustiuS,
1794 1705 2141 1788 aliquando
2172 1705 2444 1782 exilius3

227 1825 485 1888 semper
518 1814 734 1869 tamen
764 1806 1006 1869 credidi
1036 1815 1102 1870 et
1129 1829 1272 1870 esse
1311 1815 1396 1884 te,
1427 1815 1490 1870 et
1532 1828 1749 1870 curam
1791 1806 1991 1869 nostri
2032 1827 2285 1887 gerere3
2352 1815 2444 1869 et-

225 1906 420 1969 iamsi
447 1907 825 1988 ignorabam
863 1909 966 1971 vel
1001 1908 1161 1992 quid
1188 1908 1592 1971 sentiendum
1622 1915 1792 1970 esset
1820 1906 1898 1969 de
1930 1907 2285 1970 substantia
2312 1915 2445 1985 tua,

223 2007 333 2069 vel
363 2030 511 2091 quae
541 2009 648 2073 via
677 2008 937 2071 duceret
965 2020 1076 2073 aut
1100 2010 1429 2073 reduceret
1471 2008 1556 2071 ad
1590 2016 1673 2071 te.
1763 2007 2053 2091 Ideoque
2092 2029 2239 2072 cum
2274 2030 2443 2072 esse-

223 2130 371 2171 mus
414 2110 654 2173 infirmi
695 2110 777 2175 ad
817 2111 1266 2175 inveniendam
1309 2110 1557 2195 liquida
1592 2110 1836 2173 ratione
1878 2111 2225 2187 veritatem,
2257 2120 2322 2174 et
2356 2114 2440 2175 ob

222 2211 351 2273 hoc
381 2211 574 2274 nobis
602 2232 768 2294 opus
809 2220 978 2275 esset
1017 2213 1390 2277 auctoritate
1436 2220 1797 2276 sanctarum
1838 2212 2265 2290 Litterarum3
2299 2212 2441 2297 jam

221 2311 485 2374 credere
529 2333 850 2395 coeperam
883 2315 1066 2376 nullo
1093 2314 1285 2379 modo
1313 2322 1377 2377 te
1405 2314 1603 2377 fuisse
1638 2314 2021 2377 tributurum
2055 2322 2187 2377 tam
2225 2315 2439 2378 excel-

217 2416 462 2478 lentem
492 2416 588 2479 illi
621 2418 965 2500 Scripturae
1004 2440 1120 2502 per
1161 2440 1384 2481 omnes
1415 2418 1557 2501 jam
1586 2426 1785 2481 terras
1820 2418 2282 2494 auctoritatem,
2310 2419 2439 2481 nisi

219 2525 288 2580 et
314 2538 432 2600 per
461 2518 672 2603 ipsam
701 2519 822 2581 tibi
851 2519 1046 2597 credi,
1076 2529 1140 2584 et
1167 2541 1283 2603 per
1310 2520 1520 2603 ipsam
1550 2527 1613 2582 te
1648 2519 1849 2603 quaeri
1878 2520 2212 2583 voluisses.
2288 2522 2334 2583 J
2334 2522 2439 2583 aIm

217 2620 394 2681 enim
431 2620 888 2683 absurditatem
925 2644 1068 2705 quae
1108 2643 1209 2684 me
1245 2622 1316 2683 in
1353 2621 1482 2684 illis
1512 2620 1774 2684 Litteris
1820 2622 2068 2684 solebat
2096 2620 2436 2700 offendere,

218 2744 371 2785 cum
414 2724 621 2785 multa
663 2742 746 2785 ex
791 2722 884 2785 eis
925 2723 1340 2805 probabiliter
1383 2723 1681 2805 exposita
1724 2722 2066 2802 audissem,
2098 2722 2181 2786 ad
2226 2744 2431 2787 sacra-

215 2832 579 2887 mentorum
609 2823 1010 2887 altitudinem
1035 2823 1412 2887 referebam:
1460 2845 1667 2907 eoque
1685 2824 1846 2886 mihi
1874 2824 1987 2887 illa
2014 2824 2435 2887 venerabilior

215 2932 281 2986 et
310 2934 721 2987 sacrosancta
747 2924 876 2987 fide
907 2925 1161 3005 dignior
1189 2927 1541 3008 apparebat
1582 2926 1945 3002 auctoritas,
1976 2947 2105 3009 quo
2136 2934 2201 2988 et
2228 2925 2431 2987 omni-

213 3026 342 3088 bus
371 3024 457 3089 ad
482 3025 828 3106 legendum
871 3034 1043 3089 esset
1084 3027 1153 3088 in
1193 3035 1518 3109 promptu,
1550 3034 1617 3089 et
1646 3026 1871 3091 secreti
1912 3026 2013 3089 sui
2056 3026 2431 3107 dignitatem

211 3126 282 3187 in
311 3127 652 3189 intellectu
689 3127 1098 3211 profundiore
1137 3136 1452 3204 servaret3
1496 3128 1709 3192 verbis
1754 3127 2171 3211 apertissimis
2204 3136 2269 3191 et
2309 3129 2429 3191 hu-

212 3229 487 3292 millimo
528 3250 757 3310 genere
796 3230 1107 3314 loquendi
1138 3252 1206 3293 se
1249 3230 1500 3294 cunctis
1541 3233 1857 3314 praebenS,
1886 3239 1953 3293 et
1986 3251 2294 3295 exercens
2330 3230 2428 3292 in-

213 3332 571 3395 tentionem
624 3354 862 3409 eorum,
916 3333 1030 3415 qui
1077 3354 1209 3394 non
1269 3340 1420 3395 sunt
1473 3334 1649 3395 leves
1696 3330 1923 3396 corde:
1984 3340 2059 3394 ut
2100 3332 2432 3414 exciperet

213 3453 443 3495 omnes
479 3434 778 3516 populari
815 3434 983 3511 sinu,
1023 3443 1087 3496 et
1133 3454 1250 3515 per
1286 3441 1561 3515 angusta
1598 3433 1907 3497 foramina
1949 3454 2195 3516 paucos
2238 3430 2322 3496 ad
2363 3439 2427 3495 te

211 3532 556 3617 trajiceret,
587 3536 787 3597 multo
819 3542 1030 3597 tamen
1057 3535 1296 3617 plureS,
1328 3556 1522 3617 quam
1552 3534 1606 3597 si
1636 3557 1756 3598 nec
1786 3542 1964 3597 tanto
1994 3536 2179 3617 apice
2206 3541 2425 3599 aucto-

208 3634 424 3698 ritatis
453 3637 782 3713 emineret,
797 3658 919 3699 nec
951 3638 1168 3699 turbas
1200 3636 1438 3717 gremio
1469 3646 1705 3701 sanctae
1726 3636 2105 3699 humilitatis
2125 3637 2425 3701 hauriret.

213 3735 603 3817 Cogitabam
631 3738 795 3815 haec,
825 3750 892 3801 et
919 3738 1140 3801 aderas
1169 3736 1360 3812 mihi3
1409 3738 1828 3820 suspirabam,
1860 3745 1925 3800 et
1952 3737 2260 3801 audiebas
2288 3758 2419 3800 me:

209 3838 630 3916 fluctuabam,
660 3846 724 3901 et
753 3840 1156 3919 gubernabas
1184 3858 1324 3915 me3
1368 3837 1544 3900 ibam
1582 3859 1699 3921 per
1737 3838 1907 3901 viam
1950 3839 2170 3902 saeculi
2205 3839 2423 3917 latam,

210 3958 332 4000 nec
363 3937 722 4003 deserebas,

207 4108 280 4157 vis
308 4124 416 4173 quae
444 4124 542 4158 non
576 4109 808 4166 videntur.
831 4112 972 4159 rebus
1004 4111 1272 4161 adhibenda
1339 4110 1553 4159 Ecclesia
1586 4111 1645 4158 ab
1680 4108 1794 4173 ipsis
1823 4107 2061 4173 Apostolis
2083 4114 2348 4172 propagata
2366 4114 2415 4155 et

207 4172 410 4222 divinis:
468 4190 578 4239 quae
621 4174 659 4223 si
702 4191 796 4224 non
837 4176 1131 4230 adhibeatur,
1176 4191 1271 4224 non
1335 4191 1419 4242 per
1439 4189 1601 4223 omnes
1623 4182 1783 4237 gentes
1804 4173 1933 4220 tanta
1964 4172 2219 4220 eminentia
2247 4172 2408 4219 decla-

207 4238 416 4287 amicitia
436 4239 756 4303 quorumlibet
784 4240 1042 4294 hominum,
1065 4242 1146 4289 sed
1179 4241 1280 4305 ipsa
1345 4248 1462 4297 rata,
1487 4247 1641 4287 utrum
1682 4238 2013 4311 Apostolorum
2042 4236 2150 4294 sint,
2182 4236 2415 4285 incertum

205 4318 394 4351 summa
415 4303 578 4367 religio
597 4303 811 4359 violatur,
825 4313 880 4352 ut
892 4321 1076 4353 summa
1099 4305 1280 4354 miseria
1343 4313 1430 4363 est,
1467 4312 1514 4352 et
1554 4302 1643 4351 hoc
1678 4310 1767 4351 ent
1798 4309 1977 4349 certum
2014 4300 2248 4365 scripsisse
2280 4300 2414 4365 Apo-

206 4376 537 4431 consequatur.
604 4368 730 4433 Aug.
761 4370 822 4419 de
853 4370 944 4419 fide
983 4385 1137 4419 rerum
1171 4385 1278 4435 quae
1343 4367 1643 4431 stolos,quod
1660 4366 1769 4415 huic
1784 4366 2009 4415 Ecelaeiae
2026 4364 2246 4415 contrarii
2267 4364 2415 4414 baere·

207 4447 302 4481 non
324 4432 559 4490 videntur,
583 4434 624 4495 §.
653 4435 699 4480 4.
1345 4432 1424 4482 tici
1454 4431 1707 4498 proferunt,
1732 4440 1976 4479 auctorum
2000 4446 2190 4479 suorum
2214 4430 2411 4478 nomini·

272 4488 292 4527 ¹
327 4496 404 4545 De
423 4513 522 4562 quo
545 4497 666 4546 libro
699 4505 879 4547 certum
911 4498 1000 4547 erit
1029 4498 1168 4563 cujus
1203 4497 1279 4554 sit,
1345 4498 1436 4547 bus
1474 4495 1701 4571 appellati
1736 4498 1873 4561 longe
1910 4504 2015 4561 post
2048 4494 2296 4561 Apostolos
2328 4510 2411 4547 ex·

207 4560 244 4609 si
263 4560 448 4618 littei-ai,
463 4578 586 4627 quas
601 4562 933 4629 Apostolorum
952 4562 1066 4611 dicit
1085 4571 1131 4611 et
1155 4570 1281 4613 tenet
1344 4562 1635 4613 sistentmm‘t
1690 4576 1733 4610 c.
1761 4562 1923 4610 Faust.
1947 4559 2100 4611 xxxiii.
2124 4560 2175 4613 6.
