3042 5059
684 346 1404 412 CONFESSIONUM
1451 349 1737 412 LIBER
1780 348 1936 410 XII.
2284 351 2403 408 241

181 501 474 566 audebit
515 502 672 568 istas
723 525 925 587 aquas
967 510 1318 568 coaeternas
1361 504 1528 580 Dec,
1572 505 1727 587 quia
1765 501 1836 565 in
1876 503 2041 566 libro
2079 503 2411 566 Geneseos

179 611 732 668 commemoratas
770 603 1033 688 quidem
1073 603 1369 668 audimus
1385 602 1438 680 ⁴,
1478 603 1594 666 ubi
1634 612 1846 667 autem
1882 603 2069 667 factae
2108 603 2239 666 sint
2276 625 2409 667 non

179 702 598 768 invenimus:
645 725 760 770 cur
785 726 918 767 non
944 705 1278 769 informem
1322 726 1583 789 quoque
1619 704 1797 768 illam
1834 704 2183 781 materiem,
2215 727 2409 788 quam

183 805 538 890 Scriptura
575 805 719 869 haec
758 813 988 870 terram
1023 805 1416 869 invisibilem
1457 812 1525 869 et
1570 805 2088 888 incompositam,
2117 809 2409 870 tenebro-

185 925 472 990 samque
501 909 805 989 abyssum
849 908 1151 989 appellat,
1185 906 1454 971 docente
1497 906 1761 968 veritate
1802 905 2238 986 intelligamus
2274 927 2360 968 ex
2378 904 2409 931 ³

185 1005 349 1069 Deo
381 1007 614 1071 factam
655 1028 796 1070 esse
837 1005 918 1070 de
954 1007 1181 1084 nihilo,
1210 1007 1486 1092 ideoque
1519 1007 1616 1070 illi
1655 1027 1789 1068 11011
1828 1027 1969 1069 0880
2008 1014 2409 1084 coaeternam,

186 1108 498 1189 quamvis
525 1109 640 1171 ubi
668 1108 840 1172 facta
867 1109 971 1186 sit,
1000 1108 1282 1172 omiserit
1309 1109 1637 1172 enuntiare
1666 1107 1793 1170 ista
1818 1109 2095 1172 narratio
2120 1107 2182 1170 ?”

285 1215 394 1272 32.
442 1211 572 1274 His
598 1231 749 1291 ergo
778 1211 1017 1275 auditis
1047 1219 1240 1296 atque
1268 1211 1623 1295 perspectis
1650 1231 1769 1294 pro
1799 1218 1997 1293 captu
2021 1211 2411 1276 infirmitatis
2440 1229 2641 1280 XXIII.

183 1334 386 1390 meae,
415 1335 610 1397 quam
647 1313 768 1377 tibi
807 1312 1116 1378 confiteor
1153 1315 1382 1377 scienti
1412 1316 1557 1377 Deo
1584 1335 1751 1390 mec,
1782 1313 1911 1376 duo
1944 1313 2131 1376 video
2162 1314 2407 1378 dissen-
2429 1294 2540 1342 ¹³⁰⁰
2557 1294 2652 1342 ‘¹³⁸‘

185 1412 460 1478 sionum
500 1435 732 1496 genera
763 1414 1002 1478 oboriri
1036 1436 1251 1498 posse,
1280 1437 1427 1479 00111
1460 1414 1710 1500 aliquid
1738 1437 1779 1478 a
1804 1414 2047 1477 nuntiis
2075 1417 2408 1480 veracibus
2427 1373 2647 1486 andizu-

183 1535 316 1597 per
347 1516 533 1597 signa
561 1516 958 1580 enuntiatur:
1015 1538 1214 1580 unum
1257 1516 1314 1580 si
1357 1516 1436 1580 de
1478 1516 1742 1580 veritate
1785 1537 2015 1593 rerum,
2043 1519 2311 1581 alterum
2352 1519 2406 1580 si
2424 1503 2635 1616 ξζζῖρῖἓ-

187 1614 276 1678 (10
320 1617 532 1700 ipsius
581 1616 694 1701 (101
738 1617 1030 1681 enuntiat
1061 1618 1386 1681 voluntate
1431 1617 1746 1680 dissensio
1790 1625 1904 1680 est.
1999 1618 2197 1681 Aliter
2234 1618 2405 1682 enim
2424 1616 2487 1664 ris
2506 1617 2649 1665 inter-

186 1719 550 1800 quaerimus
591 1718 672 1782 de
714 1726 1018 1783 creaturae
1057 1719 1428 1783 conditione
1464 1718 1622 1803 quid
1664 1741 1882 1782 verum
1925 1719 2043 1797 sit3
2088 1721 2269 1785 aliter
2294 1743 2407 1786 au·
2424 1691 2613 1794 ἔξω

185 1827 325 1882 tem
361 1820 520 1904 quid
546 1820 616 1883 in
641 1820 746 1883 his
774 1821 986 1884 verbis
1015 1822 1304 1904 Moyses„
1327 1821 1623 1902 egregius
1654 1819 2042 1884 domesticus
2073 1821 2228 1885 fidei
2258 1831 2407 1899 tuae,

183 1922 556 2006 intelligere
609 1910 912 1988 lectorem
969 1924 1450 2009 auditoremque
1506 1923 1795 1988 voluerit.
1906 1925 1989 1987 In
2038 1924 2152 1988 illo
2201 1925 2407 2008 primo

187 2046 432 2105 genere
461 2025 798 2090 discedant
825 2048 866 2089 a
891 2048 994 2089 1110
1034 2048 1277 2103 01111108,
1310 2026 1424 2110 qui
1461 2046 1541 2088 ea
1574 2046 1719 2110 quae
1754 2026 1917 2090 falsa
1948 2032 2116 2102 sunt,
2146 2047 2215 2089 se
2244 2027 2407 2091 scire

184 2127 598 2191 arbitrantur.
688 2129 770 2191 In
798 2128 924 2191 hoc
953 2128 1108 2192 item
1147 2130 1346 2192 altero
1375 2126 1711 2191 discedant
1738 2149 1778 2190 a
1804 2147 1907 2190 me
1937 2149 2158 2191 omnes
2189 2128 2303 2212 qui
2332 2151 2410 2192 ea

185 2250 346 2312 quae
381 2227 544 2292 falsa
585 2236 755 2309 sunt,
796 2231 1074 2313 Moysen
1115 2227 1359 2292 dixisse
1401 2229 1800 2294 arbitrantur.
1892 2227 2264 2314 Conjungar
2296 2252 2407 2295 au·

185 2337 326 2392 tem
355 2329 507 2408 illis,
536 2330 840 2409 Domine,
865 2331 938 2393 in
967 2340 1052 2408 te,
1081 2337 1148 2394 01
1175 2329 1453 2396 delecter
1489 2352 1638 2394 cum
1668 2330 1763 2393 eis
1790 2329 1859 2392 in
1889 2338 1974 2409 te,
2005 2331 2119 2415 qui
2146 2331 2409 2396 veritate

187 2439 306 2494 tua
332 2440 686 2514 pascuntur
709 2432 781 2494 in
807 2431 1144 2496 latitudine
1175 2430 1503 2496 charitatis
1528 2454 1545 2508 3
1590 2439 1657 2495 01
1685 2431 2066 2495 accedamus
2106 2432 2296 2495 simul
2325 2432 2410 2497 ad

188 2534 392 2596 verba
433 2533 614 2597 Libri
659 2534 776 2612 tui,
819 2541 886 2597 et
929 2554 1289 2618 quaeramus
1344 2533 1414 2595 in
1463 2533 1559 2596 eis
1609 2532 2002 2596 voluntatem
2059 2545 2233 2596 tuam
2290 2555 2409 2617 per

183 2637 587 2700 voluntatem
613 2636 836 2700 famuli
865 2637 980 2713 tui,
1011 2634 1197 2721 cujus
1226 2637 1473 2700 calamo
1503 2633 1889 2716 dispensasti
1917 2655 2012 2698 ea.

279 2741 388 2800 33.
434 2737 564 2802 Sed
583 2738 729 2821 quis
748 2748 1034 2802 nostrum
1057 2738 1150 2801 sic
1168 2736 1454 2800 inveniet
1475 2758 1616 2800 eam
1631 2736 1798 2798 inter
1820 2744 1947 2799 tam
1964 2737 2167 2800 multa
2184 2757 2334 2801 vera
2348 2733 2401 2816 “,
2431 2740 2627 2821 {CHV-

189 2859 348 2922 quae
393 2839 464 2901 in
513 2839 645 2902 illis
695 2839 908 2902 verbis
959 2839 1140 2903 aliter
1189 2846 1379 2921 atque
1429 2837 1612 2900 aliter
1661 2836 2003 2900 intellectis
2059 2846 2402 2902 occurrunt
2418 2806 2639 2918 ἓξὲξ

188 2941 661 3024 quaerentibus3
723 2948 798 3004 ut
847 2949 978 3004 tam
1025 2939 1298 3003 fidenter
1354 2938 1529 3002 dicat
1585 2939 1711 3002 hoc
1772 2939 2047 3002 sensisse
2098 2941 2400 3022 Moysen,
2418 2949 2513 3044 ξω
2534 2933 2617 2983 de-

185 3051 385 3125 atque
422 3042 547 3106 hoc
590 3043 661 3104 in
702 3043 816 3106 illa
856 3042 1217 3106 narratione
1260 3040 1537 3104 voluisse
1580 3039 1874 3119 intelligi,
1905 3060 2098 3122 quam
2134 3039 2405 3104 fidenter
2418 2999 2583 3112 ‹13:32-

185 3143 354 3207 dicit
389 3144 515 3207 hoc
556 3165 776 3207 verum
805 3165 967 3220 esse,
997 3142 1131 3206 sive
1159 3142 1267 3206 ille
1297 3142 1422 3205 hoc
1455 3140 1724 3203 senserit
1754 3140 1886 3203 sive
1917 3140 2131 3204 aliud?
2220 3142 2401 3205 Ecce
2415 3128 2611 3242 affinia:

184 3246 386 3322 enim,
424 3247 606 3308 Deus
645 3267 851 3323 meus,
892 3267 1013 3326 ego
1059 3266 1276 3308 servus
1319 3251 1468 3306 10118
1511 3242 1623 3324 qui
1662 3242 1808 3304 vovi
1850 3242 1973 3304 tibi
2016 3243 2538 3331 sacrificiuminuq

185 3346 612 3410 confessionis
668 3347 738 3410 in
794 3347 900 3410 his
953 3346 1202 3423 litteris,
1253 3353 1316 3408 et
1365 3365 1476 3407 oro
1526 3352 1599 3407 ut
1654 3364 1739 3405 ex
1798 3343 2233 3408 misericordia
2290 3355 2401 3410 tua
2413 3336 2637 3452 ᾒζῖζζξ

181 3449 461 3512 reddam
494 3447 614 3512 tibi
649 3456 796 3511 vota
832 3469 980 3511 mea
998 3473 1019 3516 ‚·
1068 3467 1222 3510 ecce
1266 3466 1387 3526 ego
1432 3464 1626 3527 quam
1666 3443 1937 3508 fidenter
1980 3444 2126 3508 dico
2171 3446 2241 3508 in
2284 3456 2397 3509 tuo

183 3551 406 3613 Verbo
440 3549 952 3614 incommutabili
990 3548 1208 3611 omnia
1233 3554 1296 3610 te
1334 3546 1585 3622 fecisse,
1613 3545 1965 3609 invisibilia
2004 3553 2070 3610 et
2096 3546 2399 3625 visibilia,

182 3650 505 3735 numquid
552 3659 686 3713 tam
727 3649 1000 3712 fidenter
1042 3650 1192 3713 dico
1233 3669 1366 3711 non
1417 3645 1596 3710 aliud
1640 3666 1833 3729 quam
1873 3647 2003 3710 hoc
2049 3646 2397 3711 attendisse

183 3753 469 3836 Moysen
514 3773 662 3816 cum
713 3751 1044 3816 scriberet:
1108 3752 1198 3814 In
1237 3750 1573 3830 principio
1604 3748 1781 3830 fecit
1827 3751 2010 3812 Deus
2060 3751 2286 3811 coelum
2332 3757 2398 3812 et

186 3863 432 3918 ter-ram
455 3851 490 3914 5³
554 3854 726 3926 Quia
765 3873 898 3916 non
943 3853 1114 3916 sicut
1148 3852 1216 3914 in
1260 3861 1373 3915 tua
1415 3850 1681 3912 veritate
1725 3849 1850 3914 hoc
1896 3857 2141 3913 certum
2183 3849 2394 3929 video,

182 3956 280 4018 ita
303 3955 376 4017 in
403 3953 544 4040 ejus
581 3961 794 4018 mente
823 3953 1012 4017 video
1051 3953 1118 4016 id
1157 3975 1305 4016 eum
1343 3951 1659 4031 cogitasse
1700 3972 1846 4013 cum
1886 3949 2028 4014 11ωο
2070 3950 2391 4014 scriberet.

181 4057 408 4120 Potuit
450 4057 622 4120 enim
665 4055 948 4138 cogitare
989 4056 1061 4119 in
1101 4055 1246 4139 ipso
1297 4050 1575 4117 faciendi
1620 4051 1907 4129 exordi0,
1939 4071 2087 4114 cum
2131 4049 2391 4128 diceret,

184 4161 276 4222 In
311 4160 683 4241 principio:
755 4157 970 4241 potuit
1012 4165 1077 4221 et
1118 4157 1353 4221 coelum
1397 4163 1462 4217 et
1503 4161 1734 4216 terram
1776 4153 1903 4215 hoc
1948 4153 2115 4229 1000,
2144 4153 2387 4216 00110111

170 4259 312 4345 jam
363 4259 696 4323 formatam
746 4258 1222 4343 perfectamque
1272 4263 1565 4320 naturam
1618 4253 1750 4316 sive
1805 4253 2202 4336 spiritualem
2254 4253 2391 4316 sive

179 4361 602 4444 corporalem,
623 4359 739 4424 sed
765 4367 1100 4443 utramque
1128 4358 1498 4422 inchoatam
1528 4364 1593 4419 01
1620 4354 1832 4418 adhuc
1862 4354 2195 4417 informem
2226 4353 2388 4416 velle

179 4459 473 4543 intelligi.
562 4461 771 4532 Video
815 4461 1058 4544 quippe
1097 4481 1243 4522 vere
1279 4457 1568 4543 potuisse
1612 4455 1763 4535 dici,
1803 4454 2117 4540 quidquid
2159 4455 2388 4518 horum

1265 4579 1312 4626 R
