3042 5059
606 339 727 392 alu

680 491 775 542 SS.
816 490 1029 540 Gemuit
1062 500 1112 540 et
1144 489 1361 545 protasii,
1388 491 1500 538 155.
1543 491 1678 538 Deus

672 565 879 604 tentatur
896 570 1005 604 cnm
1036 554 1266 605 miracula
1290 553 1564 616 flagitantur
1583 569 1676 602 non

673 619 739 668 ad
758 621 979 677 saluum,
998 621 1082 670 sed
1105 620 1167 668 ad
1189 617 1545 684 experientiam,
1569 621 1675 668 195.

610 684 956 796 Μἰεξτὶωιάἱει,
989 686 1073 744 28,
1102 697 1151 734 et
1186 700 1233 732 ιι.
1272 682 1425 748 qualis
1454 683 1515 732 sit
1547 697 1676 740 vera,

676 763 693 795 ι
730 781 743 794 .

612 811 937 862 Misericordia
976 813 1083 862 Dei.
1144 813 1232 860 Vm
1265 811 1409 859 etiam
1450 809 1678 859 laudabili

674 879 804 934 vite,
824 876 865 924 si
886 877 1023 926 Deus
1039 885 1215 926 remota
1236 874 1553 924 misericordia
1572 889 1675 924 eam

674 942 912 996 discutiat,
941 943 1052 990 166.
1096 942 1291 1004 Magnae
1324 950 1435 988 sunt
1454 955 1590 988 voces
1619 939 1678 986 acl

676 1005 1037 1054 misericordiam
1062 1005 1173 1062 Dei,
1198 1006 1357 1054 tacitae
1379 1005 1680 1052 contritiones

677 1070 839 1124 animi,
864 1071 967 1118 lll.

612 1134 867 1182 Modestia.
956 1131 1198 1181 Pulchrior
1247 1139 1321 1181 est
1370 1132 1682 1196 temperantia

676 1199 823 1246 animi
846 1197 1077 1246 inscitiam
1101 1212 1233 1245 snam
1258 1196 1521 1244 confitentis
1537 1211 1680 1260 quam

676 1263 869 1310 scientia
888 1276 1059 1318 rerum,
1078 1263 1158 1310 70.

616 1325 863 1375 Molestias
881 1325 989 1374 vitae
1022 1325 1221 1374 tolerare
1246 1324 1386 1390 jubet
1416 1323 1566 1380 Deus,
1589 1338 1682 1372 non

680 1406 857 1447 amare,
888 1390 993 1448 187,
1017 1391 1100 1439 28.

616 1454 958 1504 Monasterium
1002 1452 1269 1502 Mediolani
1312 1450 1506 1515 plenum
1549 1450 1683 1499 bonis

678 1519 915 1578 fratribus,
937 1528 1070 1568 extra
1094 1517 1217 1567 urbis
1240 1516 1430 1572 moenia,
1452 1516 1540 1564 snb
1566 1516 1683 1563 Am-

678 1585 833 1634 brosio
854 1585 1095 1638 nutritore,
1120 1583 1227 1631 135.
1288 1582 1682 1630 Monasteriorum

678 1665 841 1714 greges
860 1650 909 1696 in
934 1651 1162 1712 AEgypto,
1190 1645 1301 1702 134,
1320 1655 1367 1694 et
1389 1661 1439 1694 n.

1016 1713 1291 1761 Montuna-

616 1777 849 1826 Monnica
890 1777 1084 1825 Patricii
1120 1775 1313 1840 conjux,
1348 1781 1492 1820 mater
1535 1765 1686 1834 Augu

687 1843 795 1890 167.
838 1857 979 1904 quem
1000 1851 1047 1890 et
1068 1855 1209 1889 carne
1234 1849 1285 1887 ut
1305 1837 1356 1885 in
1378 1836 1502 1885 hanc
1527 1836 1684 1884 lucem

680 1907 1002 1970 temporalem,
1034 1915 1083 1954 et
1113 1905 1252 1953 corde
1289 1912 1339 1950 ut
1374 1901 1423 1949 in
1457 1909 1681 1949 aeternam

682 1971 836 2018 lucem
904 1980 1186 2025 nasceretur,
1252 1964 1513 2032 parturivit,
1574 1966 1685 2016 157.

680 2035 881 2084 educata
920 2035 1009 2083 fuit
1050 2034 1217 2099 pudice
1258 2047 1315 2080 ae
1360 2030 1529 2086 sobrie,
1572 2031 1685 2080 159.

680 2099 728 2145 in
751 2100 891 2146 domo
912 2099 1057 2155 fideli,
1078 2101 1201 2147 bono
1226 2096 1435 2144 membro
1454 2094 1684 2144 Ecclesiae

681 2162 985 2220 Christianae,
1010 2163 1075 2210 ib.
1130 2163 1242 2210 Non
1265 2168 1363 2208 tam
1386 2175 1483 2208 suoe
1507 2158 1684 2215 matris,

679 2242 822 2289 quarn
836 2225 1081 2291 decrepita!
1098 2226 1175 2289 cuj
1183 2225 1343 2272 usdam
1362 2224 1554 2271 famulae
1571 2238 1687 2272 cura

682 2292 743 2339 ad
762 2290 1051 2338 honestatem
1074 2289 1419 2340 instituebatur,
1441 2287 1509 2334 ib.
1543 2289 1690 2336 immo

682 2354 931 2421 disciplina
960 2367 1011 2402 et
1040 2353 1261 2418 regimine
1284 2351 1481 2407 Christi,
1502 2366 1606 2398 eam
1639 2352 1690 2399 in

684 2419 781 2468 Dei
798 2422 961 2468 timore
971 2419 1073 2484 jam
1089 2427 1191 2466 tum
1207 2416 1479 2472 erudientis,
1490 2415 1557 2465 ib.
1594 2418 1686 2464 Per

684 2483 925 2534 Christum
968 2483 1159 2534 subdita
1200 2481 1490 2558 parentibus,
1532 2481 1687 2554 potins

682 2545 1688 2688 {¹1:1²3:.P3{‡1¹²;⁸.tf;²333‘3.533¹?.22231;

684 2679 979 2728 insultatione
1000 2679 1183 2728 ancilla
1216 2692 1325 2726 cum
1350 2691 1413 2724 ea.
1439 2675 1685 2738 litigantis,

748 2805 953 2855 Patricio
969 2805 1072 2868 (cui
1090 2803 1178 2852 soli
1190 2810 1338 2869 nupta
1349 2801 1456 2858 fuit,
1482 2801 1622 2864 167.)
1637 2801 1688 2850 in

682 2869 1033 2919 matrimonium
1054 2868 1240 2927 tradita,
1262 2866 1450 2917 servivit
1472 2866 1517 2916 ei
1539 2866 1688 2918 veluti

686 2932 913 2992 Domino,
938 2936 1049 2993 159,
1077 2935 1156 2982 10.
1196 2941 1416 2997 satagens
1446 2947 1553 2980 enm
1580 2932 1688 2979 Deo

682 2997 875 3056 lucrari,
901 2999 1011 3048 159.
1074 2997 1145 3048 Ut
1177 3013 1278 3046 sese
1312 2997 1505 3062 gerebat
1536 2996 1586 3044 in
1618 2995 1688 3043 vi-

684 3079 788 3112 rum
828 3078 857 3111 a
893 3064 986 3113 fide
1018 3078 1076 3111 ac
1116 3061 1325 3111 moribus
1365 3061 1509 3127 ipsius
1546 3059 1690 3123 longe

686 3129 913 3185 alienum,
944 3128 1011 3176 ib.
1070 3128 1131 3176 In
1164 3142 1349 3176 socrum
1383 3126 1605 3176 adversus
1638 3140 1689 3173 se

684 3193 908 3242 irritatam
925 3192 1157 3242 malarum
1174 3191 1453 3240 ancillarum
1470 3189 1688 3246 susurris,

687 3258 751 3305 ib.
820 3259 951 3321 Erga
993 3265 1232 3306 matronas
1274 3255 1334 3305 de
1377 3253 1556 3304 maritis
1595 3253 1692 3302 suis

718 3323 925 3371 uerelam
970 3329 1226 3379 moventes,
1260 3319 1325 3369 ib.
1392 3321 1520 3384 Erga
1555 3319 1690 3367 dissi·

720 3395 851 3436 entes
888 3394 938 3436 et
980 3385 1217 3435 discordes
1260 3383 1379 3434 inter
1420 3400 1470 3434 se
1512 3383 1689 3439 anima,

708 3453 813 3500 160.
834 3453 963 3514 Erga
978 3467 1132 3500 servos
1148 3449 1259 3507 Dei,
1278 3449 1343 3499 ib.
1374 3449 1503 3514 Erga
1521 3463 1692 3512 paren-

684 3527 769 3574 tes,
792 3516 982 3564 domum
1019 3531 1077 3564 ne
1096 3530 1247 3574 suam,
1270 3514 1335 3563 ib.

750 3579 959 3628 Nutu-ivit
1025 3578 1127 3636 lios,
1154 3581 1263 3626 162.
1308 3577 1441 3626 toties
1468 3592 1551 3626 eos
1584 3592 1690 3641 par·

685 3643 879 3697 turiens,
892 3641 1073 3704 quoties
1087 3656 1115 3688 a
1125 3642 1233 3689 Deo
1246 3641 1432 3688 deviare
1448 3642 1690 3698 cernebat,

688 3706 753 3752 ib.
798 3705 961 3768 Augu.
975 3704 1136 3768 spiritu
1154 3703 1401 3768 parturivit
1416 3705 1582 3768 majori
1597 3706 1688 3753 sol-

685 3769 943 3822 licitudine.
968 3784 1112 3832 quam
1145 3782 1284 3816 carne
1320 3777 1582 3832 pepererat,
1607 3771 1690 3826 73,

688 3837 764 3885 10.
820 3835 963 3883 Hunc
985 3849 1014 3881 a
1037 3831 1196 3898 primis
1218 3834 1354 3880 annis
1378 3833 1426 3880 in
1450 3831 1688 3882 catechu-

684 3915 927 3950 menorum
1024 3899 1141 3948 radu
1204 3896 1457 3955 constituit,
1511 3897 1562 3952 9,
1605 3899 1686 3946 31.

687 3967 908 4030 Cumque
956 3980 984 4012 a
1019 3963 1112 4012 huc
1166 3978 1282 4028 puer
1338 3962 1387 4011 in
1446 3963 1688 4028 repentino

689 4030 851 4079 mortis
908 4027 1119 4093 periculo
1172 4035 1446 4084 versaretur,
1490 4029 1689 4076 curabat

688 4094 1016 4144 festinabunda
1056 4100 1109 4142 ut
1142 4092 1449 4141 sacramentis
1476 4092 1692 4141 salutari-

689 4160 777 4206 bus
803 4157 1060 4206 initiaretur
1089 4165 1138 4206 et
1170 4158 1455 4212 ablueretur,
1482 4158 1558 4204 10.
1623 4158 1693 4204 Eo

687 4233 844 4270 tamen
889 4230 1113 4279 recreato,
1149 4221 1431 4287 baptismum
1476 4221 1691 4270 differen-

686 4289 799 4336 dum
821 4287 975 4342 duxit,
1000 4285 1068 4334 ib.

750 4353 907 4415 Aug0.
952 4365 1030 4398 an.
1074 4357 1154 4398 oet.
1196 4349 1275 4397 xvi
1330 4358 1514 4412 agente,
1560 4350 1695 4398 Deus

680 4413 781 4473 jam
819 4414 1112 4463 inchoaverat
1135 4413 1181 4461 in
1203 4430 1261 4462 ea
1294 4416 1523 4478 templum
1556 4430 1693 4461 suum

689 4484 737 4522 et
756 4478 997 4526 exordium
1030 4486 1203 4526 sanctie
1235 4478 1538 4528 habitationis
1571 4494 1691 4534 suae,

1543 327 1864 390 INDEX.

1805 488 1884 536 20.
1953 487 2030 534 Ex
2070 503 2166 551 quo
2206 487 2258 535 in
2293 487 2487 536 Christo
2542 497 2822 552 regenerata

1808 551 1912 606 fuit,
1937 551 2080 600 vitam
2103 551 2197 599 fide
2221 561 2271 600 et
2291 551 2504 600 moribus
2523 554 2820 618 prmipnm

1807 616 1919 680 egit,
1969 617 2075 664 166.
2142 615 2309 679 Augu.
2350 626 2404 663 ut
2439 633 2470 664 a
2511 617 2824 666 fornicatione

1809 681 2103 744 maximeque
2160 681 2221 729 ab
2277 681 2506 730 adulterio
2550 681 2824 731 abhorreret

1806 760 1916 792 cum
1939 743 2117 806 ingenti
2151 745 2459 794 sollicitudine
2493 745 2790 795 admonebat
2803 763 2818 804 ;

1811 825 1998 857 uxorem
2021 818 2180 857 tamen
2211 809 2323 858 dare
2355 810 2566 868 nolebat,
2589 827 2685 885 quo
2707 827 2820 858 con-

1807 873 1929 928 silio,
1952 876 2031 920 21.
2077 873 2243 922 Virum
2265 890 2403 923 suum
2425 874 2515 922 sub
2536 876 2684 939 ipsius
2708 875 2816 923 vitae

1808 936 1946 984 finem
1979 939 2038 985 ad
2075 937 2247 986 Christi
2280 939 2419 988 fidem
2454 939 2665 993 adducit,
2705 940 2813 989 160.

1809 1003 1919 1061 Quo
1939 1002 2130 1050 viduata
2158 1011 2340 1052 sumtus
2363 1001 2666 1051 nihilominus
2689 1004 2816 1066 (Ro-

1808 1067 2016 1114 maniani
2047 1083 2153 1129 ope,
2185 1069 2292 1123 100,
2316 1066 2394 1127 n.)
2420 1077 2641 1132 procurat
2664 1069 2818 1130 Augo.

1811 1141 1924 1179 tunc
1977 1131 2106 1204 apud
2153 1132 2490 1195 Carthaginem
2547 1133 2820 1181 Rhetoricae

1809 1195 2031 1249 studenti,
2053 1196 2134 1244 30.
2195 1197 2341 1245 Hunc
2370 1196 2552 1244 interea
2582 1197 2630 1243 in
2659 1197 2820 1245 Mani·

1807 1260 2042 1308 chaeorum
2097 1261 2296 1308 haeresin
2356 1261 2629 1325 prolapsum
2667 1261 2818 1325 luget,

1809 1323 1934 1373 horis
1967 1323 2188 1372 omnibus
2221 1325 2483 1373 orationum
2523 1341 2718 1374 suarum
2761 1327 2821 1375 de

1809 1403 1867 1464 ep
1889 1389 1946 1436 ad
1975 1388 2478 1464 Deumjndesinenter
2512 1389 2714 1453 plangit,
2738 1392 2817 1440 43.

1811 1456 2702 1583 {affissiffftzssssffcgffiffffffss023.
2736 1456 2821 1584 Ξῖ

1809 1582 2058 1639 somnium,
2071 1582 2192 1647 (ib.)
2211 1599 2388 1648 perque
2403 1598 2674 1646 responsum
2695 1585 2820 1649 epis-

1812 1647 1920 1710 copi
1951 1646 2092 1710 (43.)
2121 1645 2387 1710 cujusdam,
2421 1647 2521 1696 fieri
2558 1663 2652 1696 non
2685 1664 2824 1712 posse

1813 1710 2074 1767 asserentis,
2097 1716 2130 1736 “
2155 1721 2206 1758 ut
2231 1713 2372 1772 filius
2407 1716 2604 1760 istarum
2641 1714 2820 1776 lachry-

1811 1792 1988 1822 marum
2020 1774 2222 1836 pereat,’'
2243 1775 2380 1839 (44.)
2403 1792 2567 1824 mensa
2587 1779 2821 1842 domoque

1812 1856 1968 1889 rursus
1987 1839 2182 1904 excipit,
2206 1841 2284 1889 42.

1879 1905 2228 1967 Frequentabat
2289 1903 2632 1965 eleemosynas,
2676 1904 2820 1953 vidua

1813 1977 1940 2016 casta
1961 1977 2010 2016 et
2041 1969 2210 2026 sobria,
2235 1969 2315 2024 73,
2341 1969 2422 2016 83.
2469 1969 2756 2032 Obsequens
2776 1979 2824 2018 et

1812 2033 2014 2081 serviens
2045 2034 2233 2090 sanctis,
2259 2034 2440 2080 nullum
2470 2032 2595 2080 diem
2631 2043 2820 2097 praeter·

1814 2097 2032 2146 mittebat
2050 2097 2336 2146 oblationem
2359 2097 2418 2145 ad
2444 2097 2592 2144 altare
2621 2098 2736 2151 Dei,
2759 2097 2825 2147 ib.

1817 2161 1902 2210 Bis
1920 2162 1970 2210 in
2001 2161 2096 2218 die,
2119 2177 2258 2210 mane
2284 2171 2333 2211 et
2357 2177 2548 2226 vespere
2565 2162 2632 2210 ad
2656 2162 2825 2211 Eccle-

1813 2227 1931 2274 siam
1962 2227 2122 2274 venire
2153 2226 2307 2281 solita,
2342 2235 2392 2274 ut
2425 2234 2578 2276 oraret
2611 2228 2688 2276 vel
2723 2243 2824 2277 ver-

1815 2291 1932 2339 bum
1955 2291 2052 2338 Dei
2073 2290 2276 2347 audiret,
2296 2290 2360 2338 ib.

1882 2355 2049 2418 Augu.
2073 2356 2280 2404 Romam
2311 2357 2416 2417 ipsa
2449 2354 2600 2402 invita
2633 2363 2684 2404 et
2703 2355 2824 2404 falsa

1815 2420 2116 2549 &2233ss
2142 2419 2494 2532 υέῗηῖῒΐὲυ.
2511 2421 2822 2548 ῗιΐὲῗὲἒῖιῗῗ

1815 2547 1883 2596 ib.
1943 2549 2098 2598 Paulo
2136 2557 2242 2613 post
2279 2563 2534 2598 conscensa
2567 2564 2709 2601 nave.
2743 2565 2829 2612 per

1816 2612 1999 2661 marina
2033 2613 2304 2662 discrimina
2338 2621 2505 2661 nautas
2535 2613 2822 2671 consolatur,

1812 2677 1872 2725 de
1911 2677 2039 2726 felici
2071 2677 2372 2743 perventione
2404 2677 2628 2725 divinitus
2658 2680 2828 2726 certior

1813 2741 2051 2798 sacta,82.
2093 2742 2421 2790 Mediolanum
2442 2746 2636 2790 veniens
2654 2741 2826 2806 Augu.

1817 2806 1980 2854 audito
2009 2806 2260 2854 Ambrosio
2291 2806 2392 2870 jam
2433 2806 2760 2855 abalienatum
2798 2824 2827 2855 a

1819 2870 2104 2918 Manichaeis
2121 2871 2311 2935 reperit,
2333 2871 2402 2919 ib.
2446 2871 2525 2919 De
2545 2871 2650 2934 ejus
2671 2871 2825 2921 futuro

1817 2935 2112 2984 matrimonio
2154 2936 2481 2984 revelationem
2525 2949 2556 2982 a
2596 2937 2708 2985 Deo
2749 2953 2830 2986 ex-

1817 2999 1953 3064 petit,
1991 2999 2075 3048 sed
2115 3000 2302 3056 frustra,
2341 3001 2448 3048 100.
2526 2999 2831 3050 Ambrosium

1819 3063 1972 3128 diligit
2003 3073 2058 3112 ut
2094 3063 2330 3126 Angelum
2369 3063 2478 3118 Dei,
2503 3064 2586 3111 83.
2653 3065 2748 3114 Ille
2780 3065 2832 3113 in

1817 3128 1920 3192 ejus
1950 3128 2158 3184 laudem,
2183 3129 2280 3178 viso
2314 3128 2468 3192 Aug⁰.
2501 3144 2628 3193 saepe
2672 3146 2830 3179 erum-

1818 3194 1977 3257 pebat,
2002 3194 2243 3256 gratulans
2273 3193 2362 3259 ipsi
2388 3193 2516 3256 quod
2548 3194 2698 3242 talem
2730 3209 2829 3242 ma·

1820 3265 1936 3306 trem
1959 3259 2168 3313 haberet,
2191 3260 2272 3306 84.
2335 3258 2476 3322 Apud
2497 3259 2830 3307 Mediolanum

1820 3322 1997 3370 vetanti
2023 3322 2287 3375 Ambrosio.
2304 3322 2471 3388 epulas
2492 3323 2556 3370 ad
2574 3324 2628 3370 M
2635 3323 2832 3371 emorias

1821 3387 2088 3450 Martyrum
2118 3387 2305 3446 adferri,
2328 3402 2502 3435 morem
2531 3388 2648 3448 gerit
2677 3387 2829 3436 liben-

1823 3451 2016 3507 tissime,
2045 3451 2110 3499 ib.
2177 3452 2458 3500 Excubante
2481 3451 2830 3500 Mediolanensi

1823 3515 1960 3581 plebe
2003 3517 2052 3562 in
2095 3516 2332 3575 Ecclesia,
2351 3515 2617 3580 vigiliarum
2659 3519 2832 3580 primas

1823 3588 1968 3637 tenet,
1998 3582 2108 3629 155.
2153 3580 2441 3630 orationibus
2462 3580 2590 3636 vivit,
2613 3581 2684 3628 ib.

1887 3643 2130 3694 Gaudium
2151 3643 2253 3708 ejus
2269 3645 2329 3694 de
2352 3641 2497 3706 Aug¹.
2511 3644 2830 3702 conversione,

1825 3709 1935 3756 144.
1975 3708 2166 3757 Secedit
2187 3724 2296 3758 cum
2318 3709 2402 3756 illo
2419 3710 2470 3756 in
2487 3725 2655 3772 agrum
2675 3709 2832 3758 Cassi-

1819 3773 2019 3830 eiacum,
2049 3775 2158 3821 150.
2220 3776 2392 3836 Augu.
2415 3782 2632 3838 suscepto
2655 3774 2830 3838 baptis-

1820 3845 1947 3886 mate
1963 3843 2246 3886 remeantem
2266 3838 2315 3884 in
2335 3837 2548 3885 Africam
2565 3837 2832 3895 comitatur,

1824 3903 1934 3950 157.
1995 3917 2199 3964 quocum
2251 3901 2380 3967 apud
2427 3903 2564 3950 Ostia
2607 3903 2834 3950 Tiberina

1819 3966 1981 4030 paullo
1999 3975 2111 4014 ante
2125 3966 2303 4015 obitum
2317 3982 2456 4016 suum
2473 3966 2764 4032 colloquitur
2775 3967 2833 4014 de

1819 4030 1913 4077 vita
1939 4038 2130 4086 aeterna,
2156 4031 2265 4079 161.
2325 4031 2600 4097 Rapiuntur
2623 4033 2768 4080 ambo
2787 4032 2834 4079 in

1824 4103 2010 4142 aeternae
2031 4095 2276 4160 sapientiae
2295 4096 2759 4161 contemplationem,
2775 4097 2835 4144 ib.

1824 4159 1978 4207 Nulla
2005 4159 2105 4221 jam
2136 4174 2187 4207 re
2214 4177 2262 4209 se
2284 4161 2507 4208 delectari
2542 4161 2591 4208 in
2625 4160 2719 4208 hac
2743 4161 2832 4207 vita

1826 4223 2080 4287 profitetur.
2109 4225 2218 4273 162.
2284 4225 2444 4272 Unum
2475 4223 2620 4273 fuisse
2650 4237 2836 4290 propter

1824 4288 1950 4351 quod
1991 4288 2066 4336 hic
2095 4287 2389 4350 aliquantum
2423 4289 2665 4336 immorari
2706 4290 2834 4354 cupi-

1823 4353 2009 4408 ebat,ut
2021 4353 2514 4416 Augm.Christianum
2531 4353 2835 4402 Catholicum

1827 4415 2001 4464 videret
2023 4427 2131 4464 ante
2151 4417 2350 4474 obitum,
2374 4418 2441 4466 ib.
2495 4419 2613 4467 Post
2634 4419 2737 4467 dies
2757 4418 2834 4468 cir.

1825 4497 1870 4532 v.
1892 4481 2132 4530 decumbit
2153 4481 2380 4541 febribus,
2403 4482 2469 4532 ib.
2510 4483 2574 4532 de
2593 4482 2832 4549 sepultura
