3042 5059
1 1768 36 1799 V

688 380 1408 445 CONFESSIONUM
1454 384 1740 447 LIBER
1784 385 1903 446 vl.
2316 389 2399 447 95

175 534 258 599 ad
305 556 500 619 quem
547 534 956 599 salutandum
994 536 1378 601 ventitabat:
1431 538 1776 621 statimque
1826 541 2157 621 cognitum
2203 558 2399 603 manu

177 637 584 720 apprehensa
628 637 898 701 semovit
941 659 980 700 a
1021 638 1246 717 turbiS,
1276 646 1342 701 et
1384 639 1543 704 tanti
1585 640 1739 730 mali
1785 661 2043 705 causam
2084 662 2397 724 quaerens,

180 737 341 822 quid
379 745 632 819 gestum
671 746 842 802 esset
881 737 1163 815 audivit3
1209 760 1560 823 omnesque
1599 741 2061 805 tumultuantes
2098 742 2211 825 qui
2250 741 2399 805 ade·

178 848 322 903 rant
350 848 416 903 et
448 840 785 905 minaciter
811 840 1152 903 frementes
1175 840 1374 924 jussit
1402 842 1615 905 venire
1647 852 1882 904 secum.
1972 844 2065 905 Et
2091 850 2403 906 venerunt

179 940 262 1005 ad
290 940 556 1004 domum
585 942 763 1005 illius
793 940 1222 1005 adolescentis
1253 942 1366 1027 qui
1393 964 1529 1006 rem
1558 944 1979 1007 commiserat.
2052 944 2222 1007 Puer
2248 964 2399 1007 vero

179 1050 316 1107 erat
352 1052 502 1107 ante
536 1043 796 1122 ostium,
826 1051 892 1105 et
927 1050 1060 1107 tam
1097 1064 1334 1126 parvus
1377 1052 1512 1107 erat
1548 1053 1621 1107 ut
1656 1044 1821 1107 nihil
1860 1043 2097 1108 exinde
2137 1043 2398 1107 domino

176 1164 296 1206 suo
333 1152 646 1221 metuenS,
676 1143 864 1207 facile
899 1152 1121 1225 posset
1161 1152 1364 1208 totum
1403 1143 1719 1209 indicare:
1768 1168 1917 1209 cum
1946 1167 2023 1209 eo
2055 1144 2297 1229 quippe
2326 1146 2399 1209 in

172 1244 316 1309 foro
361 1244 486 1307 fuit
531 1245 978 1328 pedissequus.
1069 1246 1282 1318 Quem
1321 1253 1746 1330 posteaquam
1788 1248 2061 1311 recoluit
2101 1248 2399 1330 Alypius,

175 1347 530 1410 architecto
590 1346 926 1412 intimavit.
1015 1348 1106 1413 At
1160 1347 1270 1411 ille
1329 1347 1605 1411 securim
1666 1348 2121 1414 demonstravit
2174 1371 2399 1433 puero,

177 1469 478 1531 quaerens
522 1448 604 1511 ab
649 1468 726 1529 eo
771 1446 958 1532 cujus
1002 1456 1188 1511 esset.
1279 1447 1407 1521 Qui
1453 1449 1814 1528 confestim,
1846 1452 2107 1527 Nostra,
2148 1450 2397 1535 inquit:

176 1548 416 1612 deinde
474 1549 898 1631 interrogatus
955 1550 1207 1633 aperuit
1263 1556 1514 1613 caetera.
1626 1550 1737 1614 Sic
1788 1551 1857 1613 in
1907 1553 2085 1615 illam
2137 1552 2401 1615 domum

179 1654 498 1716 translata
548 1673 764 1730 causa,
809 1651 1222 1735 confusisque
1270 1650 1476 1714 turbis
1523 1674 1670 1735 quae
1722 1651 1803 1715 de
1852 1653 1967 1715 illo
2010 1654 2401 1737 triumphare

168 1752 312 1838 jam
343 1761 694 1837 coeperant,
719 1753 972 1815 futurus
1002 1751 1405 1834 dispensator
1418 1761 1456 1787 ¹¹³
1488 1752 1667 1816 verbi
1704 1754 1822 1830 tui,
1852 1762 1919 1817 et
1954 1756 2298 1817 multarum
2332 1755 2400 1817 in

174 1857 486 1921 Ecclesia
513 1863 626 1919 tua
654 1877 990 1921 causarum
1010 1857 1428 1934 examinator,
1447 1856 1880 1939 experientior
1898 1858 2399 1941 instructiorque

178 1957 506 2021 discessit.

271 2064 373 2121 16.
421 2060 622 2122 Hunc
645 2080 796 2138 ergo
819 2060 1046 2123 Romae
1067 2058 1454 2137 inveneram,
1473 2067 1541 2123 et
1570 2058 1843 2123 adhaesit
1866 2059 2029 2121 mihi
2056 2058 2399 2123 fortissimo

177 2161 464 2238 vinculo,
481 2181 864 2243 mecumque
886 2159 1330 2223 Mediolanum
1359 2160 1681 2243 profectus
1708 2166 1827 2239 est,
1844 2166 1917 2223 ut
1943 2181 2065 2223 nec
2094 2181 2196 2223 me
2220 2158 2400 2221 dese-

2495 2064 2562 2113 X.

2419 2128 2496 2177 De
2520 2128 2640 2177 inte·

2416 2192 2587 2256 gnitate

177 2270 370 2343 reret,
387 2269 453 2325 et
481 2261 562 2324 de
581 2260 726 2345 jure
749 2259 926 2344 quod
947 2258 1258 2324 didicerat
1286 2261 1533 2346 aliquid
1555 2270 1788 2343 ageret,
1808 2260 2162 2325 secundum
2182 2269 2401 2324 votum
2419 2256 2583 2323 Alypii

2416 2331 2462 2369 et
2490 2323 2573 2371 ad-

177 2364 394 2445 magis
422 2370 760 2446 parentum
791 2382 985 2445 quam
1015 2382 1222 2424 suum.
1310 2363 1404 2425 Et
1433 2358 1572 2425 ter*
1590 2362 1729 2446 jam
1764 2362 2087 2425 assederat
2123 2362 2397 2425 mirabili
2417 2394 2559 2435 ventu

182 2464 585 2527 continentia
623 2462 891 2537 caeteriS,
922 2483 1071 2524 cum
1107 2462 1218 2525 ille
1257 2464 1466 2543 magis
1501 2464 1835 2527 miraretur
1873 2482 1985 2526 eos
2025 2462 2139 2547 qui
2176 2484 2401 2526 aurum

179 2565 570 2631 innocentiae
621 2570 1085 2646 praeponerent.
1175 2564 1450 2627 Tentata
1501 2573 1600 2627 est
1646 2585 1905 2647 quoque
1951 2563 2089 2648 ejus
2130 2563 2402 2639 indoles,

181 2689 316 2731 non
371 2668 577 2730 solum
626 2665 930 2727 illecebra
978 2662 1373 2746 cupiditatis,
1419 2664 1535 2727 sed
1586 2666 1779 2730 etiam
1830 2664 2087 2728 stimulo
2138 2664 2401 2727 timoris.

181 2770 415 2831 Romae
447 2765 775 2832 assidebat
807 2764 1027 2827 comiti
1055 2764 1467 2844 largitionum
1497 2766 1981 2830 Italicianarum
1991 2763 2067 2828 ’θ’
2131 2767 2293 2829 Erat
2324 2784 2405 2829 eo

180 2879 474 2951 tempore
525 2864 790 2951 quidam
845 2864 1330 2948 potentissimus
1381 2876 1657 2945 senator,
1710 2866 1895 2950 cujus
1948 2875 2013 2929 et
2068 2866 2407 2930 beneficiis

183 2969 483 3036 obstricti
541 2967 726 3031 multi
783 2972 849 3030 et
905 2966 1124 3029 terrori
1174 2966 1417 3030 subditi
1467 2978 1665 3030 erant.
1753 2966 1977 3030 Voluit
2036 2966 2161 3029 sibi
2211 2967 2406 3029 licere

181 3072 412 3135 nescio
462 3069 621 3155 quid
677 3092 762 3132 ex
821 3090 995 3131 more
1051 3070 1358 3153 potentiae
1411 3092 1568 3149 suae,
1618 3069 1795 3154 quod
1846 3078 2014 3133 esset
2064 3091 2181 3152 per
2228 3071 2407 3150 leges

182 3174 529 3249 illicitum3
579 3171 814 3234 restitit
854 3171 1165 3253 Alypius:
1217 3173 1606 3254 promissum
1648 3180 1749 3235 est
1790 3172 2163 3255 praemium3
2214 3171 2409 3233 irrisit

185 3274 437 3337 animo:
482 3280 810 3356 praetentae
839 3272 1070 3349 minae3
1115 3273 1422 3337 calcavit:
1469 3274 1851 3337 mirantibus
1880 3273 2179 3335 omnibus
2206 3272 2406 3334 inusi-

183 3383 390 3437 tatam
449 3375 749 3453 animam,
801 3395 948 3457 quae
1006 3374 1335 3436 hominem
1392 3381 1663 3451 tantum,
1714 3382 1779 3437 et
1833 3373 2409 3437 innumerabilibus

184 3474 541 3559 praestandi
597 3474 1002 3557 nocendique
1059 3474 1270 3537 modis
1327 3474 1577 3556 ingenti
1633 3475 1805 3539 fama
1852 3476 2262 3552 celebratum,
2306 3476 2407 3536 vel

2419 2450 2592 2501 Nebri-

2418 2516 2503 2565 dii.

185 3577 484 3641 amicum.
529 3598 663 3639 non
717 3583 985 3659 optaret,
1032 3575 1134 3637 vel
1191 3596 1324 3640 non
1382 3575 1751 3640 formidaret
1804 3576 2157 3641 inimicum.
2256 3577 2425 3661 Ipse*

197 3752 202 3755 ·
253 3742 295 3771 ¹¹²
332 3738 596 3803 Episcopus
617 3736 945 3803 'Phagtistensis
974 3745 1132 3802 postea
1164 3737 1266 3795 fuit,
1335 3753 1616 3787 saeuitum
1638 3754 2029 3787 Lincirxonum.
2082 3737 2185 3786 Viri
2210 3736 2411 3786 illustres

189 3805 359 3869 (Auge
390 3803 451 3851 de
488 3803 626 3867 gestis
661 3820 706 3851 c.
739 3802 942 3851 Emer-ito
975 3804 1022 3864 ᾗ.
1058 3804 1078 3849 l
1117 3810 1166 3850 et
1199 3802 1270 3865 5.)
1331 3803 1444 3857 duo,
1467 3802 1587 3850 alter
1605 3801 1655 3850 in
1679 3802 1891 3859 Oriente,
1914 3802 2032 3851 alter
2061 3802 2109 3849 in
2135 3802 2408 3851 Occidente.

190 3869 408 3933 adeoque
440 3867 608 3921 litium,
632 3867 672 3915 si
705 3883 810 3932 quae
840 3867 957 3915 inter
980 3865 1270 3915 Christianos
1334 3866 1615 3919 Thesauros.
1648 3866 1895 3927 vectigalia
1927 3866 2136 3931 Imperii,
2152 3876 2199 3914 et
2231 3867 2406 3914 cuden-

191 3934 370 3981 obortae
395 3942 566 3990 essent,
585 3932 732 3997 judex
755 3940 804 3980 et
821 3931 1063 3979 dii-emtor.
1335 3932 1442 3978 dam
1465 3939 1701 3978 monetam
1716 3932 1947 3978 curabant
1960 3948 1974 3989 ;
2004 3930 2147 3988 dona,
2164 3928 2408 3993 stipendia,

261 4002 290 4030 ¹⁸
325 3997 566 4045 Comus
617 3998 918 4045 Inucum
967 4013 1028 4043 ιτ
1075 3992 1271 4043 Gau·
1334 4002 1382 4043 et
1407 3994 1691 4043 necessarias
1711 3994 1945 4058 impensas
1964 3994 2233 4057 erogabant.
2300 3993 2409 4040 Ori-

193 4078 366 4119 cum,
388 4070 500 4109 sunt
523 4061 732 4109 Comites
755 4059 1139 4124 Largitionalium
1159 4059 1268 4107 titu-
1335 4059 1502 4108 entalis
1533 4058 1615 4106 ille
1635 4074 1717 4107 sex
1737 4059 1825 4106 sub
1858 4057 1959 4121 ipso
1983 4063 2017 4087 “
2044 4057 2235 4105 comites
2266 4056 2410 4121 largi-

190 4126 370 4183 lorum,
395 4125 558 4190 reique
580 4126 835 4173 tributariae
863 4133 912 4172 et
945 4124 1271 4173 thesaurorum
1337 4124 1512 4171 tionum
1534 4121 1799 4170 inferiores''
1817 4122 1981 4170 habuit
1997 4138 2080 4186 per
2091 4137 2172 4169 sex
2190 4122 2413 4170 dioeceses

191 4190 646 4303 gegnl’mfectmgm
669 4188 1006 4301 Prgtorianam
1041 4188 1195 4299 Itlaliae
1227 4197 1276 4236 et
1337 4186 1756 4301 sitibmtgnistrantles.
1814 4184 2137 4297 (sciderat-aliq
2165 4184 2272 4233 item
2297 4200 2409 4297 Fae?

316 4268 486 4301 iarum.
595 4270 704 4301 our
793 4270 1048 4302 Actutum
1119 4268 1272 4301 Auar—
1338 4268 1364 4301 e
1419 4269 1448 4300 u
1499 4268 1521 4299 ι·
1556 4266 1613 4299 ue
1699 4264 1805 4298 ures
1886 4266 1955 4299 nos
1985 4266 2119 4298 mims
2139 4264 2229 4299 ros.
2335 4265 2365 4297 o
2391 4277 2410 4287 ·

192 4271 1276 4434 {susuzthffmffiart
1340 4267 2105 4445 avsisfflssmzneffamgpz
2126 4313 2413 4428 aissa

227 4463 315 4497 uas
333 4447 350 4496 i
389 4462 420 4497 e
442 4398 812 4511 Magistrauffi,
834 4446 1076 4497 militibus.
1097 4453 1148 4493 et
1165 4397 1278 4494 siibl
1337 4460 1436 4511 aar.
1455 4462 1494 4495 s.
1519 4462 1567 4494 v.

230 4512 304 4561 itis
317 4512 563 4578 erogabat.
597 4512 682 4561 Du
697 4511 992 4577 Cauge,s.v.
1039 4511 1278 4561 Comi-res
