3042 5059
1151 348 1478 411 INDEX.

291 514 496 580 corporis
510 512 585 563 sui
598 517 735 561 extra
750 510 970 586 patriam,
984 512 1175 560 tandem
1192 508 1309 585 nibil

292 583 457 692 Ξῗέἒῖἐ
469 577 1001 698 ssffiffflttfttt
1017 577 1099 690 ’ἐξ
1114 575 1311 695 22:³31

300 710 414 765 163,
434 708 545 756 167.
586 706 701 756 Alia
716 705 819 771 ejus
841 705 1035 780 insignis
1056 704 1307 759 sententia,

2319 359 2441 414 319

1873 513 1935 562 Ο.

1372 639 1586 688 Obediro
1627 637 1817 702 regibus
1857 641 2076 703 generale
2123 648 2314 706 pactum
2368 649 2442 690 est

1434 704 1674 752 societatis
1694 705 1929 762 humanm,
1953 707 2035 756 37.

300 773 411 822 163.
492 770 572 821 die
626 770 679 818 ix
745 769 1048 835 egritudinis,
1109 784 1187 818 an.
1244 768 1308 816 lvi
1375 767 1572 817 Oblatio
1591 768 1768 825 altaris,
1791 770 1871 819 73.

298 845 378 885 ret.
432 851 553 891 sum,
597 835 748 883 xxxiii
800 841 881 883 aet.
937 827 1083 898 Aug¹.
1136 832 1309 897 migrat

296 916 359 948 ex
391 899 486 948 hac
510 901 625 956 vita,
647 900 715 947 ib.
774 898 890 963 Ejus
920 898 1081 956 sunus,
1108 898 1203 946 164
1233 913 1306 961 sq.

298 964 593 1013 Sacrificium
611 962 749 1030 pretii
765 963 906 1012 nostri
924 979 1009 1028 pro
1024 978 1083 1012 ea
1098 961 1305 1020 offertur,

290 1028 393 1093 jam
412 1028 556 1092 juxta
572 1044 623 1077 se
656 1027 872 1077 ulchrurn
890 1029 1041 1093 posito
1057 1029 1305 1082 cadavere,

293 1093 623 1207 533²?OE
650 1091 1175 1222 ‘Pssfsss‘iizgiimflffs
1198 1091 1306 1220 3ξέ

233 1287 385 1336 Moris
416 1237 621 1336 amani
649 1285 827 1335 flumen
856 1286 938 1333 vix
972 1285 1306 1350 superandum,

300 1353 381 1410 13,
404 1359 457 1399 et
477 1366 529 1400 n.

234 1417 398 1464 Mores
441 1413 709 1464 hominum.
785 1416 909 1471 Qum
952 1421 1114 1463 contra
1157 1429 1307 1462 mores

294 1479 547 1528 hominum
578 1487 690 1527 sunt
719 1479 901 1542 flagitia
922 1495 1007 1542 pro
1028 1495 1208 1528 morum
1230 1479 1303 1527 di-

292 1545 521 1593 versitate
540 1544 733 1592 vitanda
752 1552 879 1600 sunt,
901 1543 983 1592 37.

236 1611 369 1657 Mors
404 1608 496 1657 sibi
530 1609 627 1673 ipse
659 1616 729 1658 est
758 1608 841 1672 qui
873 1608 997 1658 male
1032 1607 1158 1662 vivit,
1192 1608 1304 1656 230.

297 1674 512 1722 Moritur
567 1672 649 1737 qui
709 1674 871 1722 Deum
929 1687 1024 1720 non
1064 1671 1212 1725 videt,
1255 1673 1306 1720 8.

297 1737 577 1787 Mortalitas
597 1737 907 1786 testimonium
929 1737 1130 1802 peccati,
1162 1740 1201 1785 Ι.

233 1803 439 1859 Mortui,
462 1804 569 1852 vide
590 1801 837 1850 Defuncti.

232 1867 419 1916 Mulier
438 1882 549 1932 qum
581 1866 849 1938 perdiderat
876 1865 1168 1921 drachmam,
1196 1864 1305 1937 129,

303 1934 420 1981 181.
485 1931 715 1994 AEmgma
736 1930 995 1979 Salomonis
1022 1929 1083 1978 de
1113 1928 1307 1977 muliere

296 1996 499 2046 sedente
520 2009 659 2060 super
676 1995 846 2043 cellam
868 1995 918 2042 in
942 1995 1134 2050 foribus,
1158 1995 1241 2042 34.

233 2063 497 2110 Mutantur
523 2060 698 2108 coelum
728 2068 777 2108 et
808 2069 959 2108 terrae.
1026 2058 1221 2108 Coelum
1258 2065 1305 2106 et

296 2135 426 2176 terra
464 2123 675 2173 clamant
701 2124 827 2188 quod
883 2124 1013 2173 facta
1056 2124 1152 2172 sint
1195 2121 1307 2188 quia

295 2197 563 2247 mutantur,
586 2190 702 2238 208.

758 2448 823 2495 Ν.

238 2572 479 2638 Navigius
509 2569 659 2637 Augi.
710 2575 851 2623 frater
882 2576 1017 2624 morti
1071 2574 1311 2624 Monuicae

298 2645 349 2686 et
369 2639 477 2703 ejus
496 2639 648 2688 funeri
670 2638 899 2697 interfuit,
926 2643 1036 2698 162,
1061 2649 1109 2689 et
1132 2656 1180 2688 n.

235 2702 541 2752 Nummus
562 2704 718 2779 patria
741 2704 1019 2769 Carthagini
1038 2705 1207 2758 vicina,
1230 2705 1312 2751 96.

300 2767 460 2830 Aug⁰.
480 2770 759 2824 carissimus,
780 2768 1054 2819 adolescens
1068 2768 1205 2818 valde
1226 2769 1313 2816 bo·

300 2846 398 2880 nus
440 2841 489 2881 et
531 2833 669 2883 valde
722 2841 895 2892 castus,
940 2836 1019 2883 48.
1085 2831 1314 2882 mirabilis

300 2897 497 2953 animae,
532 2899 639 2946 109.
670 2897 957 2953 mitissimus,
991 2899 1098 2946 133.
1142 2898 1313 2962 Augm.

301 2961 369 3009 ab
418 2962 663 3026 astrologis
731 2963 1027 3012 consulendis
1093 2978 1310 3012 revocare

302 3025 484 3084 nititur,
508 3027 589 3082 48,
620 3027 723 3076 109.
788 3027 859 3076 Ar
890 3034 1131 3078 umentum
1167 3027 1309 3093 ipsius

301 3090 488 3139 clarum
516 3099 680 3140 contra
698 3091 865 3141 Manic
900 3108 1011 3145 eos.
1038 3094 1149 3141 105.
1194 3094 1305 3141 Me·

302 3153 552 3204 diolanum
584 3156 709 3205 venit
740 3171 834 3206 non
866 3158 927 3205 ob
967 3155 1097 3205 aliud
1132 3156 1222 3204 nisi
1252 3164 1304 3204 nt

300 3234 419 3267 cum
452 3221 583 3283 Aug.
618 3221 664 3269 in
702 3221 944 3287 sapientiae
976 3220 1131 3270 studio
1163 3221 1307 3278 vivat,

302 3283 389 3332 96.
459 3285 624 3333 Beatae
647 3286 753 3335 vitae
773 3287 1016 3351 inquisitor
1037 3286 1221 3344 ardens,
1244 3287 1309 3333 ib.

303 3348 409 3396 Sub
444 3350 723 3399 Verecundo
766 3350 1112 3400 Mediolanensi
1154 3366 1308 3415 gram-

302 3412 483 3462 matico
504 3413 659 3470 docet,
683 3417 792 3465 133.
856 3417 1030 3464 Errans
1058 3415 1311 3478 aliquando

303 3477 437 3526 circa
458 3479 799 3529 Incarnationis
834 3479 1120 3546 mysterium,
1144 3487 1307 3545 postea

302 3541 361 3588 fit
406 3542 698 3602 catholicus,
745 3546 854 3592 148.
931 3544 1039 3593 Deo
1078 3544 1216 3592 servit
1259 3543 1308 3592 in

304 3605 515 3668 perfecta
536 3609 748 3657 castitate
772 3610 895 3674 apud
918 3624 1026 3657 suos
1056 3609 1105 3656 in
1132 3608 1309 3664 Africa,

300 3668 373 3716 ib.
448 3672 571 3720 Tota
612 3672 781 3721 domus
822 3673 923 3738 ejus
973 3688 1059 3738 per
1101 3687 1207 3723 eum
1259 3672 1312 3720 fit

306 3733 598 3794 Christiana,
630 3737 693 3785 ib.
768 3738 970 3786 Moritur
1007 3736 1133 3785 haud
1166 3737 1313 3785 multo

304 3805 414 3862 post
440 3797 581 3863 Aug¹.
595 3801 896 3867 baptismum,
913 3801 979 3850 ib.
1002 3801 1117 3849 vivit
1136 3802 1186 3849 in
1208 3801 1311 3850 sinu

304 3863 539 3975 lA5brahoe,
563 3865 627 3913 ib.
674 3866 900 3932 Epistola
924 3866 984 3914 ad
1007 3865 1308 3923 Nebridium,

238 3992 514 4041 Necessitas
535 3993 871 4043 consuetudine
891 3992 1102 4051 inducta,
1130 3995 1241 4043 132.

238 4057 493 4105 Nobilium
506 4059 745 4107 conversio
762 4058 1130 4107 ma'orislaetitiae
1145 4074 1313 4108 caussa

306 4128 379 4169 est
401 4122 643 4180 Ecclesiae,
668 4125 777 4172 131.
884 4123 1104 4172 obilitatis
1126 4124 1313 4173 nomine

301 4187 531 4249 superbos
550 4187 659 4249 plus
681 4197 813 4235 tenet
832 4187 1069 4248 diabolus,
1087 4188 1153 4238 ib.

240 4251 434 4298 Nomen
486 4252 599 4301 dare
642 4251 705 4300 ad
752 4251 1067 4316 Baptismum‚
1116 4255 1225 4311 154,
1269 4260 1316 4301 et

305 4329 337 4360 n

240 4379 410 4492 Νιὲῗὸε
452 4380 796 4445 praedicatores,
835 4381 1010 4430 coelum
1055 4378 1313 4447 Scriptura,

242 4507 397 4572 Nugae
420 4507 652 4572 majorum
670 4517 893 4558 vocantur
914 4510 1120 4574 negotia,
1141 4511 1187 4558 8.

1375 832 1640 882 Oblivionis
1659 835 1883 883 memoria
1898 843 1990 891 est,-
2007 836 2114 884 179.

1376 896 1519 946 Oculi
1531 912 1749 946 sensuum
1767 899 2014 966 principes,
2031 900 2142 948 195.
2178 900 2440 949 Oculorum

1435 961 1671 1026 voluptas,
1697 962 1806 1012 193.

1372 1023 1551 1074 Odium
1563 1027 1612 1074 in
1627 1027 1890 1091 proximum
1900 1043 1980 1077 cor
1991 1030 2176 1092 gravius
2183 1037 2356 1084 vastat.
2365 1031 2384 1076 1
2393 1031 2442 1078 5.

1372 1090 1533 1155 Opera
1573 1090 1666 1139 Dei
1705 1092 1984 1157 compendio
2021 1102 2284 1153 narrantur,
2323 1095 2442 1142 277.

1436 1155 1600 1219 Opera
1643 1165 1802 1204 nostra
1848 1158 1976 1205 bona
2015 1159 2123 1208 ideo
2163 1159 2290 1208 bona
2332 1167 2443 1208 sunt

1435 1219 1550 1282 quia
1569 1220 1709 1333 2³²9OE
1737 1236 1795 1270 ea
1825 1221 1960 1270 nobis
1988 1224 2150 1280 donat,
2181 1225 2290 1281 166,
2311 1231 2361 1272 et
2392 1239 2439 1271 ιι.

1373 1347 1542 1461 Οηὲἰξ
1569 1364 1653 1414 pro
1679 1349 1870 1398 mortuis
1903 1351 1960 1398 ad
1994 1352 2162 1412 altare,
2189 1354 2299 1410 163,
2327 1354 2438 1411 165,

1369 1475 1589 1526 Oratoria
1607 1481 1701 1553 i.q.
1728 1479 1990 1534 Memoriae,
2010 1481 2091 1533 71,
2114 1494 2165 1526 n.

1370 1541 1606 1590 Ordinare
1627 1542 1775 1598 aliud,
1801 1543 1929 1591 aliud
1953 1558 2128 1602 creare,
2151 1545 2201 1601 9,
2228 1560 2276 1593 n.

1372 1605 1565 1654 Orestes
1587 1616 1637 1656 et
1661 1607 1881 1672 Pylades,
1901 1610 1982 1658 51.

1373 1669 1538 1718 Otium
1562 1673 1758 1728 malum,
1781 1673 1864 1721 20.

1369 1733 1570 1784 Ovidius
1591 1737 1641 1784 in
1659 1737 1800 1785 Trist.
1819 1736 2047 1796 innuitur,
2067 1738 2150 1786 61.

1857 1866 1917 1915 P.

1372 1992 1655 2050 Paracletus,
1681 1997 1759 2044 31.

1376 2056 1491 2106 Pars
1523 2059 1670 2123 turpis
1705 2068 1790 2118 est,
1825 2075 1934 2121 quas
1971 2075 2056 2110 suo
2089 2061 2305 2110 universo
2344 2077 2436 2110 non

1434 2123 1665 2186 congruit,
1687 2125 1767 2173 37.

1373 2187 1533 2234 Patres
1553 2189 1599 2236 S.
1623 2189 1735 2238 Vet.
1756 2188 1964 2238 Testam.
1997 2206 2028 2238 a
2061 2191 2438 2240 Manichaeorum

1436 2251 1814 2302 cavillationibus
1843 2255 2054 2304 vindicat
2090 2257 2215 2321 Aug.
2248 2258 2331 2314 35,
2355 2257 2439 2310 36,

1436 2317 1519 2370 37,
1543 2318 1626 2374 39,
1645 2326 1693 2365 et
1715 2333 1796 2366 nn.

1376 2379 1612 2430 Patricius
1643 2381 1773 2446 Aug.
1812 2391 1961 2448 pater,
1999 2383 2156 2432 tenuis
2195 2384 2438 2448 municeps

1439 2444 1791 2520 Thagastenais,
1833 2448 1916 2495 20.
1954 2448 2247 2524 ,Αιιὶιηᾳεὶοτ
2295 2512 2305 2524 ¹
2325 2463 2438 2524 uam

1438 2509 2440 2650 2133332223122?,zzz‘guiffzffisziz

1440 2637 1753 2702 peregrinanti
1793 2639 2054 2690 studiorum
2103 2655 2272 2690 caussa
2321 2657 2440 2706 opus

1440 2713 1558 2758 erat,
1577 2705 1659 2751 20.
1706 2704 1940 2762 Quamvis
1970 2705 2041 2754 ira
2073 2705 2294 2762 fervidus,
2315 2721 2438 2754 nun-

1440 2781 1582 2830 quam
1605 2767 1772 2817 cecidit
1790 2768 2062 2819 Mounicam
2089 2786 2300 2829 uxorem,
2328 2771 2440 2821 159.

1441 2831 1519 2879 Fit
1574 2832 1953 2883 catechumenus
2007 2836 2164 2899 Augo.
2221 2851 2303 2887 an.
2344 2836 2440 2884 fere

1440 2894 1517 2943 xvi
1569 2907 1753 2962 agente,
1797 2899 1878 2946 20.
1928 2914 2103 2964 annoq.
2146 2908 2267 2964 post,
2314 2899 2440 2965 (30.)

1438 2961 1631 3010 moritur
1651 2962 1816 3016 fidelis,
1846 2964 1952 3012 160.
1997 2965 2113 3029 Ejus
2135 2980 2302 3021 mores,
2332 2966 2439 3014 159.

1441 3024 1536 3138 {²57⁰
1556 3042 1614 3075 eo
1634 3028 1756 3076 orari
1775 3027 1836 3076 ad
1854 3028 2001 3079 altare
2012 3030 2114 3078 vult
2125 3029 2439 3093 Augustinus,

1375 3155 1586 3204 Patmos
1610 3155 1862 3220 Apostolus
1895 3156 2020 3205 unde
2051 3157 2204 3206 dictus
2245 3157 2438 3214 Paulus,

1441 3221 1553 3276 131,
1567 3229 1614 3268 et
1630 3235 1680 3268 n.
1714 3220 1859 3269 Miles
1877 3229 2131 3270 castrorum
2153 3222 2437 3278 coelestium,

1442 3285 1551 3332 190.
1617 3284 1734 3348 Ejus
1779 3285 1942 3346 lingua
1981 3287 2200 3342 volatilis,
2242 3287 2440 3351 loquens
2500 3333 2506 3340 ,

1438 3348 1806 3461 ιὲγεωιὶὶἓὲ273.
1852 3350 1996 3398 Illum
2021 3368 2120 3416 prae
2141 3351 2304 3400 ceteris
2324 3351 2440 3416 legit

1490 3429 1518 3460 u
1557 3448 1570 3462 .
1691 3447 1700 3459 .

1376 3427 1551 3526 Ραιιῐιιῗ
1573 3478 1840 3541 proconsul,
1861 3493 1944 3542 per
1963 3478 2246 3544 baptismum
2270 3478 2321 3528 fit
2340 3481 2441 3529 Re-

1436 3542 1506 3606 gis
1525 3543 1694 3606 Magni
1713 3542 2028 3607 provincialis,
2055 3544 2162 3592 131.

1378 3606 1587 3655 Peccata
1626 3614 1735 3656 ante
1779 3607 2060 3674 baptismum
2112 3609 2255 3672 vulgo
2341 3610 2441 3658 arvi

1441 3672 1724 3735 pendebant,
1749 3674 1824 3721 10.
1856 3679 1960 3738 post
1994 3674 2272 3737 baptismum
2329 3674 2438 3722 elic·

1440 3743 1592 3785 torum
1614 3746 1772 3786 reatus
1801 3738 1952 3802 major
1970 3746 2019 3787 et
2071 3738 2354 3794 ericulosior,
2375 3739 2442 3788 ib.

1378 3799 1632 3849 Peccatum
1653 3801 1768 3850 nihil
1793 3810 1876 3854 est.
1899 3805 1978 3850 25.
2070 3802 2276 3850 dmittitu
2310 3803 2442 3850 idum

1438 3865 1806 3913 immoderatain
1822 3865 1923 3913 haec
1943 3866 2104 3913 infima
2119 3866 2443 3922 inclinatione,

1438 3942 1624 3976 summa
1645 3929 1769 3976 bona
1789 3929 2081 3984 deseruntur,
2103 3930 2315 3986 22,230,
2329 3937 2377 3978 et
2393 3947 2443 3979 n.

1442 3991 1576 4040 Dum
1598 4007 1692 4040 non
1713 3992 1762 4039 in
1789 3992 1912 4050 Deo,
1934 3992 2014 4040 sed
2033 3993 2081 4041 in
2101 3992 2254 4056 seipso
2271 4001 2318 4041 et
2340 3994 2445 4043 aliis

1442 4056 1664 4104 creaturis
1685 4057 1964 4122 voluptates,
1989 4057 2310 4114 sublimitates,
2324 4059 2440 4107 veri·

1444 4128 1563 4169 tates
1599 4121 1740 4170 homo
1794 4122 1978 4185 quaerit.
2036 4124 2113 4171 17.
2189 4122 2442 4172 Peccatum

1445 4201 1600 4241 omne,
1623 4201 1839 4250 perversa
1863 4186 1959 4234 Dei
1979 4187 2191 4242 imitatio,
2209 4189 2295 4247 23,
2309 4189 2393 4237 24.

1382 4249 1572 4298 Peccati
1594 4265 1761 4299 caussa
1773 4251 1907 4300 Deus
1929 4267 2022 4301 non
2038 4261 2125 4310 est,
2144 4253 2256 4300 205.
2276 4268 2444 4316 pecca-

1442 4323 1596 4362 torum
1612 4314 1862 4374 ordinator,
1877 4324 2061 4365 tanturn
2075 4333 2166 4364 non
2185 4325 2384 4374 creator,
2394 4320 2444 4376 9,

1442 4387 1490 4426 et
1511 4395 1560 4426 n.
1607 4379 1865 4428 Peccatum
1888 4397 1981 4429 non
2006 4381 2314 4429 committitur
2345 4381 2444 4431 sine

1448 4457 1629 4500 caussa,
1647 4445 1726 4492 22.
1775 4445 2011 4494 Peccandi
2030 4447 2248 4508 quaedam
2272 4454 2344 4494 est
2365 4463 2446 4496 ne-

1444 4507 1651 4564 cessitas,
1687 4509 1795 4556 132.
1843 4511 2093 4568 Quomodo
2129 4509 2177 4556 in
2214 4524 2318 4559 eam
2359 4510 2441 4560 de·
