3042 5059
688 359 1412 423 CONFESSIONUM
1457 360 1747 423 LIBER
1786 361 1941 422 VII.
2291 364 2411 423 119

191 522 326 576 tem
355 534 474 597 per
493 534 732 596 corpus
752 515 1062 590 animam3
1095 523 1286 597 atque
1309 514 1460 576 inde
1487 514 1571 577 ad
1594 515 1731 598 ejus
1754 513 2113 576 interiorem
2134 514 2285 591 vim,
2304 516 2411 577 cui

185 636 422 677 sensus
450 614 738 696 corporis
768 614 1086 677 exteriora
1112 616 1453 690 nuntiaret,
1484 634 1822 697 quousque
1850 624 2125 696 possunt
2151 615 2405 678 bestiae:

187 721 388 797 atque
414 713 568 777 inde
593 735 811 777 rursus
843 714 927 777 ad
963 714 1448 777 ratiocinantem
1479 713 1833 796 potentiam
1866 712 1949 775 ad
1991 735 2184 796 quam
2222 716 2408 779 refer·

187 822 296 875 tur
327 812 752 897 judicandum
792 814 968 897 quod
1011 814 1280 877 sumitur
1317 835 1356 876 a
1401 814 1697 876 sensibus
1736 814 2042 896 corporis.
2134 815 2296 885 Quae
2338 836 2408 877 se

189 936 458 999 quoque
484 917 554 977 in
585 938 687 980 me
717 917 1116 998 comperiens
1145 917 1541 995 mutabilem,
1572 916 1781 979 erexit
1818 936 1886 978 se
1926 914 2010 978 ad
2045 914 2407 994 intelligen-

187 1018 352 1082 tiam
393 1040 613 1095 suam3
660 1027 725 1081 et
761 1018 1039 1082 abduxit
1075 1020 1532 1100 cogitationem
1571 1040 1609 1081 a
1648 1017 2130 1094 consuetudine,
2160 1019 2407 1081 subtra-

183 1120 357 1181 hens
403 1141 471 1182 se
510 1118 1096 1183 contradicentibus
1133 1120 1337 1183 turbis
1375 1120 1896 1201 phantasmatum
1912 1126 1954 1195 ¹¹,
1982 1125 2057 1179 ut
2094 1117 2411 1181 inveniret

183 1242 322 1303 quo
351 1221 596 1282 lumine
626 1228 1116 1301 aspergeretur¹‚
1147 1242 1294 1283 cum
1336 1220 1473 1283 sine
1509 1219 1643 1282 ulla
1671 1217 2073 1281 dubitatione
2105 1219 2406 1283 clamaret

181 1320 780 1383 incommutabilem
831 1320 1295 1403 praeferendum
1354 1340 1494 1381 esse
1554 1319 1885 1395 mutabili3
1960 1317 2130 1383 unde
2185 1327 2407 1383 nosset

181 1420 404 1502 ipsum
452 1420 999 1496 incommutabile,
1049 1420 1222 1503 quod
1271 1420 1398 1481 nisi
1443 1419 1663 1502 aliquo
1703 1418 1897 1481 modo
1940 1427 2179 1497 nosset,
2223 1422 2403 1483 nullo

183 1520 384 1582 modo
427 1520 590 1582 illud
633 1521 930 1582 mutabili
978 1530 1152 1583 certa
1197 1528 1611 1603 praeponeret.
1702 1521 1791 1581 Et
1832 1518 2162 1600 pervenit*
2209 1520 2292 1582 ad
2332 1521 2403 1583 id

183 1619 368 1703 quod
405 1629 522 1697 est,
551 1620 622 1681 in
657 1620 794 1684 ictu
822 1620 1200 1703 trepidantis
1239 1626 1557 1703 aspectus·
1646 1618 1831 1682 Tunc
1862 1639 2011 1682 vero
2048 1619 2402 1684 invisibilia

184 1729 330 1797 tua,
360 1742 490 1801 per
532 1741 609 1782 ea
649 1740 788 1803 quae
811 1722 1014 1802 facta
1057 1728 1233 1798 sunt,
1269 1722 1601 1782 intellecta
1646 1721 1981 1799 conspeoei;
2032 1718 2148 1782 sed
2194 1720 2399 1783 aciem

179 1821 384 1902 figere
430 1842 562 1883 non
610 1822 782 1884 valui
798 1817 867 1884 ‘z
913 1828 979 1885 et
1021 1840 1394 1904 repercussa
1434 1818 1801 1882 infirmitate
1844 1818 2133 1882 redditus
2172 1819 2399 1898 solitis‘,

177 1942 314 1983 non
343 1941 597 1984 mecum
626 1921 905 1984 ferebam
933 1920 1058 1983 nisi
1089 1928 1408 1983 amantem
1436 1918 1826 1995 memoriam,
1856 1926 1921 1982 et
1952 1919 2138 2001 quasi
2166 1919 2399 1983 olfacta

179 2020 652 2085 desiderantem
683 2043 828 2103 quae
860 2020 1192 2083 comedere
1221 2018 1505 2082 nondum
1536 2040 1811 2102 possem.

267 2126 374 2182 24.
440 2123 534 2183 Et
590 2123 955 2204 quaerebam
1002 2122 1172 2185 viam
1229 2119 1646 2202 comparandi
1703 2118 1949 2182 roboris
2001 2119 2179 2202 quod
2227 2129 2616 2187 essetxvm.

173 2221 487 2283 idoneum
516 2221 601 2286 ad
625 2222 963 2285 fruendum
993 2233 1091 2298 te;
1135 2243 1257 2284 nec
1286 2221 1714 2297 inveniebam,
1746 2220 1949 2283 donec
1980 2222 2396 2303 amplecterer
2410 2202 2629 2315 {ffiffnus

176 2322 604 2383 mediatorem
644 2323 777 2384 Dei
806 2329 871 2384 et
899 2324 1254 2399 hominum,
1283 2324 1601 2384 hominem
1638 2322 1971 2384 Christum
2000 2323 2249 2400 ‹Ie-rum,
2278 2327 2393 2407 qui
2410 2330 2487 2378 via
2506 2331 2569 2379 ad

173 2430 273 2483 est
293 2444 488 2503 super
508 2426 726 2487 onmia
750 2426 931 2486 Deus
960 2423 1330 2487 benedictus
1355 2426 1426 2485 in
1455 2426 1714 2501 seacula,
1732 2432 2065 2487 vocantem
2091 2433 2155 2488 et
2175 2424 2393 2489 dicen·
2408 2395 2631 2507 ῗῖιῖιίξῖω

173 2533 328 2597 tem,
363 2526 508 2605 Eyo
535 2546 678 2587 sum
705 2528 838 2602 via,
866 2533 932 2587 et
957 2527 1220 2601 verita-5,
1248 2533 1314 2587 et
1341 2528 1512 2594 vitm
1571 2532 1637 2588 et
1666 2525 1903 2601 cibum,
1934 2525 2039 2588 cui
2078 2526 2391 2607 capiendo
2408 2523 2457 2577 2,
2478 2526 2528 2571 ⁵·

178 2625 192 2637 .
356 2626 369 2638 .
821 2626 834 2639 .
1313 2626 1326 2639 .
1606 2626 1619 2639 .
2409 2586 2553 2635 Rom.
2577 2588 2627 2645 9,

174 2624 502 2687 invalidus
530 2646 722 2703 eram,
751 2634 1128 2689 mlscentem
1157 2646 1370 2702 carm3
1423 2646 1730 2709 quonlam
1777 2625 2043 2688 Verbum
2074 2628 2391 2709 carofac-
2406 2652 2455 2698 5.

173 2734 314 2788 tum
344 2735 464 2805 est,
485 2736 558 2790 ut
581 2728 866 2791 infantiae
896 2736 1130 2791 nostrae
1155 2729 1529 2791 lactesceret
1558 2727 1873 2809 sapientia
1900 2736 2030 2808 tua,
2054 2749 2172 2810 per
2198 2751 2391 2812 quam
2406 2714 2484 2826 ἐξ·
2513 2716 2591 2773 14,

172 2828 407 2889 creasti
444 2828 678 2891 omnia.
771 2830 924 2891 Non
963 2829 1134 2891 enim
1170 2830 1467 2891 tenebam
1497 2828 1855 2889 Dominum
1892 2849 2107 2891 meum
2144 2825 2485 2906 Jesum,Jo.
2508 2844 2553 2901 1,

171 2928 442 2991 humilis
469 2929 814 3006 humilem3
865 2950 984 2991 nec
1017 2928 1200 3011 cujus
1229 2929 1317 2991 rei
1347 2929 1655 3009 magistra
1684 2936 1853 2991 esset
1884 2927 2023 3010 ejus
2050 2929 2389 2993 infirmitas
2410 2907 2486 2956 Η·

164 3049 493 3092 noveram.
583 3030 867 3092 Verbum
911 3030 1083 3091 enim
1132 3036 1316 3091 tuum
1369 3038 1607 3091 aeterna
1653 3028 1904 3104 veritas,
1954 3029 2389 3110 superioribus

167 3135 477 3191 creaturae
507 3137 634 3191 tuae
661 3128 952 3210 partibus
981 3128 1482 3211 supereminenti,
1513 3126 1843 3189 subditosv
1875 3127 2061 3208 erigit
2098 3128 2180 3190 ad
2218 3129 2385 3211 seip-

165 3249 340 3291 sam:
399 3229 474 3290 in
515 3228 919 3291 inferioribus
957 3234 1170 3291 autem
1215 3226 1561 3290 aedificavit
1597 3226 1724 3287 sibi
1764 3228 2075 3290 humilem
2124 3227 2386 3291 domum

165 3328 246 3390 de
274 3328 436 3390 limo
473 3338 715 3407 nostrO,
744 3350 861 3411 per
890 3348 1082 3410 quam
1125 3326 1494 3389 subdendos
1536 3325 1917 3409 deprimeret
1956 3349 1995 3390 a
2036 3328 2291 3410 seipsiS,
2320 3337 2387 3391 et

161 3426 246 3491 ad
297 3450 370 3492 se
424 3429 761 3514 trajiceret,
808 3449 1041 3492 sanans
1089 3435 1420 3501 tumorem,
1473 3435 1539 3489 et
1586 3426 1877 3489 nutriens
1926 3446 2240 3504 amorem,
2300 3449 2383 3493 ne

229 3634 255 3661 ὓ
288 3626 640 3677 Phantasmata
663 3626 781 3676 nihil
803 3626 933 3677 aliud
965 3633 1075 3675 sunt
1096 3639 1241 3688 quam
1309 3624 1472 3685 tualis,
1511 3625 1574 3675 ad
1616 3624 1721 3691 ejus
1761 3624 1861 3675 ima
1894 3626 2016 3675 'nem
2062 3627 2223 3691 ἠπίῃ
2274 3645 2381 3695 quae.

164 3690 226 3739 de
267 3692 432 3759 specie
471 3692 676 3755 corporis
713 3706 933 3756 corporeo
971 3705 1113 3739 sensu
1159 3690 1242 3737 ad·
1307 3705 1415 3737 cum
1439 3697 1638 3738 conatur
1655 3691 1815 3737 lumen
1835 3690 1867 3738 il
1890 3691 1953 3739 ud
1970 3689 2162 3751 intueri,
2181 3694 2383 3759 palpitat

163 3765 318 3804 tracta
339 3756 598 3819 figmenta;
633 3771 740 3820 quae
759 3753 998 3804 memoriae
1015 3753 1243 3802 mandare
1307 3754 1599 3813 infirmitate,
1639 3760 1692 3801 et
1730 3756 1886 3801 minus
1928 3756 2070 3805 valet.
2147 3759 2267 3808 lude
2310 3766 2384 3807 est

164 3830 216 3871 ut
238 3829 442 3886 accepta
463 3828 592 3876 sunt,
610 3820 685 3869 vel
705 3820 886 3883 partiri,
905 3818 1244 3883 multiplicare,
1308 3826 1466 3867 tamen
1481 3818 1711 3882 quidquid
1723 3818 1944 3881 intelligit
1960 3820 2082 3867 sicut
2093 3822 2231 3869 valet.
2256 3823 2380 3871 Cum

161 3885 460 3942 contrahere,
486 3883 769 3939 distendere,
794 3884 1030 3939 ordinare,
1057 3889 1236 3947 pertur-
1301 3897 1412 3943 ergo
1445 3882 1559 3930 illuc
1592 3882 1786 3945 rapitur,
1814 3890 1863 3929 et
1898 3898 1927 3929 a
1959 3886 2229 3932 carnalibus
2267 3887 2377 3933 sub-

163 3950 301 4004 bare,
331 3950 412 3996 vel
447 3948 658 4010 quolibet
694 3947 832 3995 modo
874 3947 1072 4009 figurare
1111 3944 1237 4007 cogi·
1303 3952 1454 3994 tracta
1491 3945 1737 4001 sensibus,
1780 3945 1851 3992 illi
1898 3946 2062 3994 visioni
2116 3949 2381 4012 expressius

162 4013 329 4067 tando,
362 4011 642 4060 facillimum
679 4019 782 4069 θείς
819 4011 902 4059 sed
937 4026 1044 4059 cum
1081 4024 1238 4057 verum
1303 4018 1628 4074 praesentatur,
1670 4024 1761 4057 non
1800 4009 1964 4072 spatiis
2003 4010 2251 4067 localibus,
2294 4011 2379 4059 sed

198 4075 411 4133 uaeritur,
433 4090 601 4124 cavere
621 4083 668 4125 et
691 4076 835 4123 vitare
859 4074 1066 4123 difficile.
1109 4075 1236 4137 Aug.
1303 4072 1444 4120 modo
1465 4073 1671 4135 quodam
1696 4086 1796 4130 suo,
1816 4072 1959 4120 etiam
1990 4089 2131 4137 supra
2166 4089 2216 4123 se
2248 4074 2380 4124 videt

195 4156 223 4189 e
247 4155 360 4189 vera
383 4140 550 4203 Belig.
571 4155 613 4188 c.
647 4141 724 4187 10.
1307 4136 1450 4197 illud,
1468 4151 1563 4200 quo
1580 4136 1743 4199 adjuta
1766 4135 1894 4183 videt
1912 4137 2141 4201 quidquid
2166 4139 2309 4187 etiam
2329 4140 2378 4187 in

225 4210 257 4238 ¹
295 4204 448 4254 Aliud
485 4204 542 4267 [a
571 4204 646 4267 se]
673 4212 744 4251 est
772 4200 926 4267 ipsum
955 4202 1115 4249 lumen
1150 4217 1244 4266 quo
1309 4216 1358 4249 se
1393 4200 1704 4263 intelligendo
1736 4200 1882 4249 videt.
1930 4202 2060 4266 Aug.
2082 4202 2142 4249 de
2166 4203 2289 4253 Gen.
2315 4204 2377 4251 ad

159 4268 428 4318 illustratur
450 4268 628 4325 anima,
642 4275 697 4316 ut
716 4266 893 4321 omnia,
907 4266 984 4315 vel
1004 4266 1054 4313 in
1077 4282 1146 4323 se,
1171 4266 1245 4314 vel
1312 4265 1409 4313 Lit.
1436 4267 1479 4313 1.
1497 4266 1580 4313 xii.
1602 4280 1647 4313 c.
1670 4265 1751 4312 31.

159 4334 210 4379 in
257 4333 362 4390 ino,
407 4332 638 4381 veraciter
679 4331 923 4379 inteilecta
965 4330 1240 4395 conspiciat.
1375 4334 1400 4374 7
1435 4331 1547 4395 lpse
1586 4329 1767 4375 exaltat
1824 4328 2063 4378 humiliter
2108 4339 2375 4391 sequentes,

159 4398 292 4445 Nam
311 4396 435 4445 illud
443 4396 548 4461 jam
569 4396 670 4461 ipse
687 4397 824 4444 Deus
840 4402 936 4455 θείς
963 4394 1063 4444 haec
1083 4402 1240 4442 autem
1307 4408 1447 4457 quem
1473 4392 1755 4441 descendere
1778 4408 1871 4441 non
1899 4393 2051 4455 piguit
2070 4393 2133 4441 ad
2148 4393 2373 4457 jacentes.

158 4469 397 4518 creatura,
420 4462 638 4524 quamvis
671 4459 914 4516 rationalis
946 4466 994 4508 et
1028 4459 1240 4508 intellec·
1309 4460 1436 4521 Aug.
1455 4458 1515 4508 de
1541 4460 1717 4508 Sancta
1742 4457 2041 4521 virginitate,
2060 4474 2108 4507 c.
2130 4461 2212 4510 32.
