3042 5059
829 830 1130 913 LIBER
1175 837 1634 914 TERTIUS.

26 1060 28 1063 ,
134 1012 217 1063 De
257 1010 413 1062 annis
452 1010 630 1063 aetatis
665 1010 808 1063 illius
843 1013 1050 1065 decimo
1092 1013 1340 1083 septimo,
1377 1014 1586 1067 decimo
1621 1019 1829 1075 octavo,
1866 1020 1922 1065 et
1957 1011 2166 1067 decimo
2201 1030 2341 1067 nono

201 1097 492 1149 transactis
519 1098 864 1167 Carthagine,
885 1100 975 1151 ubi
999 1101 1126 1151 dum
1151 1101 1446 1152 studiorum
1469 1100 1646 1170 gratia
1669 1099 2343 1169 commorabatur,.specta-

204 1182 343 1235 culis
383 1190 439 1233 et
470 1182 689 1253 flagitiis
719 1182 856 1236 ultro
882 1200 939 1237 se
971 1184 1132 1238 dedit.
1208 1184 1484 1238 Ciceronis
1511 1185 1800 1238 Hortensio
1836 1184 1892 1235 in
1932 1201 2165 1236 amorem
2203 1186 2346 1255 sapi-

205 1268 373 1321 entiae
411 1268 736 1321 accenditur.
827 1270 960 1323 Eam
999 1272 1224 1340 superbe
1260 1286 1522 1339 quaerens,
1560 1272 1614 1322 in
1653 1270 2072 1323 Manichaeorum
2113 1270 2344 1324 haeresin

207 1356 456 1417 incurrit,
483 1372 706 1423 quorum
730 1357 858 1408 dum
881 1357 970 1409 hic
991 1358 1165 1409 obiter
1187 1372 1394 1409 errores
1418 1364 1476 1408 et
1497 1357 1727 1426 ineptias
1750 1357 2017 1427 exagitat,
2037 1358 2104 1409 de
2126 1356 2345 1427 flagitiis
2368 1417 2375 1423 ‚

205 1449 266 1493 et
289 1440 634 1505 facinoribus,
657 1450 715 1494 et
737 1443 806 1494 de
827 1442 954 1495 vera
969 1442 1184 1511 justitia
1205 1442 1420 1495 disserit
1442 1442 1756 1495 luculenter.
1820 1442 2025 1495 Uberes
2062 1460 2125 1495 ac
2160 1460 2349 1513 peren-

207 1543 304 1578 nes
342 1544 440 1595 pro
475 1527 588 1579 filio
625 1526 923 1597 lachrymas
959 1528 1185 1581 fundens
1221 1528 1476 1581 Mounica
1509 1530 1577 1581 de
1614 1527 1795 1581 futura
1828 1528 1943 1597 ejus
1979 1527 2349 1597 resipiscentia

209 1614 410 1666 certior
456 1615 538 1677 fit,
579 1631 612 1666 a
649 1616 765 1667 Deo
804 1614 1047 1667 immisso
1096 1614 1322 1677 somnio,
1361 1622 1418 1666 et
1456 1613 1627 1667 sancti
1666 1614 1943 1683 cujusdam
1980 1614 2233 1683 Episcopi
2266 1631 2350 1667 re-

209 1716 427 1769 sponso.

231 1844 288 1901 l.
335 1840 505 1903 Veni
535 1840 1026 1923 Carthaginem3
1073 1851 1138 1908 et
1175 1842 1739 1925 circumstrepebat
1768 1864 1873 1907 me
1902 1841 2191 1925 undique
2218 1862 2348 1905 sar·
2456 1864 2501 1911 1.

136 1950 290 2023 tago
319 1942 784 2023 flagitiosorum
811 1965 1116 2007 amorum.
1177 1944 1486 2007 Nondum
1508 1943 1823 2021 amabam,
1846 1951 1913 2005 et
1938 1964 2147 2007 amare
2178 1964 2349 2007 ama-
2366 1926 2545 2056 2¹¹ssssOE

137 2041 356 2121 bam',
383 2052 450 2107 et
485 2044 820 2109 secretiore
855 2045 1215 2127 indigentia
1249 2045 1508 2109 oderam
1546 2066 1649 2109 me
1686 2044 1901 2107 minus
1936 2044 2347 2125 indigentem.
2367 2055 2576 2133 venabar-

141 2146 524 2217 Quaerebam
575 2145 751 2229 quod
802 2168 1100 2224 amarem,
1152 2168 1372 2211 amans
1421 2168 1655 2225 amare,
1699 2153 1765 2209 et
1814 2145 2070 2210 oderam
2114 2146 2349 2209 securi·
2366 2129 2588 2234 ξξξῗψ·

140 2253 359 2324 tatem,
402 2253 468 2309 et
509 2247 678 2311 viam
723 2247 861 2311 sine
903 2248 1302 2331 muscipulis.
1393 2248 1715 2320 Quoniam
1764 2247 1967 2312 fames
2012 2247 2175 2309 mihi
2216 2254 2353 2311 erat

137 2348 315 2409 intus
359 2348 442 2412 ab
487 2348 782 2411 interiore
825 2348 974 2413 cibo
1016 2349 1249 2432 teipso,
1291 2349 1476 2413 Deus
1515 2370 1719 2426 meus,
1762 2356 1828 2412 et
1876 2370 1956 2413 ea
2003 2348 2169 2413 fame
2218 2369 2351 2411 non

137 2448 535 2525 esuriebam3
582 2449 697 2513 sed
735 2472 908 2513 eram
951 2450 1090 2513 sine
1129 2450 1442 2515 desiderio
1483 2451 1930 2515 alimentorum
1970 2449 2349 2533 incorrupti-

135 2550 406 2613 bilium:
453 2572 584 2613 non
628 2552 780 2635 quia
815 2552 1048 2634 plenus
1087 2551 1182 2614 eis
1220 2572 1411 2631 eram,
1443 2551 1559 2615 sed
1597 2573 1729 2635 quo
1766 2550 2039 2629 inanior,
2066 2572 2145 2615 eo
2172 2550 2349 2615 fasti-

137 2651 399 2715 diosior.
487 2654 581 2715 Et
621 2652 768 2716 ideo
809 2674 942 2716 non
982 2655 1148 2717 bene
1188 2654 1444 2717 valebat
1478 2653 1693 2716 anima
1732 2674 1911 2729 mea3
1958 2660 2025 2715 et
2062 2653 2353 2715 ulcerosa

28 2834 31 2839 Δ
135 2752 523 2836 projiciebat
559 2775 628 2817 se
664 2754 834 2817 foras
869 2753 1314 2817 miserabiliter
1349 2754 1555 2837 scalpi
1593 2752 1783 2817 avida
1820 2761 2123 2818 contactu
2150 2751 2349 2816 sensi-

137 2854 388 2917 bilium.
481 2854 611 2918 Sed
645 2854 700 2917 si
725 2877 858 2917 non
895 2854 1205 2919 haberent
1230 2854 1529 2933 animam,
1558 2876 1691 2919 non
1718 2856 1944 2939 utique
1974 2861 2347 2917 amarentur.

139 2957 372 3019 Amare
411 2964 480 3019 et
515 2957 711 3019 amari
749 2956 938 3019 dulce
973 2956 1134 3019 mihi
1173 2964 1330 3035 erat,
1356 2957 1565 3036 magis
1606 2956 1661 3018 si
1691 2964 1759 3019 et
1784 2956 2055 3019 amantis
2084 2974 2349 3037 corpore

139 3057 394 3119 fruerer.
486 3060 733 3121 Venam
769 3056 966 3136 igitur
993 3056 1292 3120 amicitiae
1333 3056 1831 3141 coinquinabam
1871 3055 2167 3119 sordibus
2195 3076 2348 3118 con-

140 3158 582 3241 cupiscentiae‚
610 3159 1078 3242 candoremque
1121 3157 1174 3241 ej
1182 3179 1261 3220 us
1303 3158 1761 3222 obnubilabam
1804 3156 1885 3219 de
1927 3164 2159 3220 tartaro
2201 3154 2348 3217 libi·

139 3260 378 3338 dinis'3
423 3270 490 3326 et
517 3270 732 3325 tamen
768 3261 980 3325 foedus
1014 3270 1210 3346 atque
1243 3262 1645 3338 inhonestae,
1674 3262 1935 3341 elegans
1970 3270 2037 3324 et
2068 3260 2352 3323 urbanus

141 3388 282 3429 esse
335 3366 688 3447 gestiebam
737 3365 1092 3431 abundanti
1141 3366 1440 3431 vanitate.
1529 3365 1663 3428 Rui
1712 3364 1905 3428 etiam
1953 3364 2024 3425 in
2072 3384 2353 3427 amorem

143 3490 274 3552 quo
319 3469 662 3551 cupiebam
707 3468 872 3551 capi.
962 3469 1146 3531 Deus
1187 3488 1390 3544 meus,
1431 3466 1867 3530 misericordia
1907 3486 2071 3543 mea,
2111 3472 2352 3549 quanto

141 3568 289 3632 felle
333 3570 498 3632 mihi
541 3570 917 3633 suavitatem
958 3570 1156 3647 illam,
1195 3577 1260 3631 et
1303 3590 1496 3652 quam
1538 3570 1749 3630 bonus
1792 3563 2153 3649 aspersisti!
2202 3566 2357 3650 quia

143 3677 208 3732 et
254 3678 509 3735 amatus
557 3692 721 3747 sum,
766 3678 833 3733 et
878 3669 1142 3753 perveni
1184 3670 1434 3733 occulte
1478 3668 1564 3731 ad
1604 3668 1933 3732 vinculum
1974 3666 2250 3744 fruendi,
2292 3673 2359 3728 et

147 3771 498 3851 colligabar
533 3773 720 3834 laetus
761 3770 1134 3835 aerumnosis
1169 3771 1472 3847 nexibuS‚
1499 3777 1575 3833 ut
1610 3769 1889 3833 caederer
1914 3768 2111 3849 virgis
2140 3767 2356 3831 ferreis

147 3870 518 3935 ardentibus
557 3872 706 3950 zeli,
734 3882 800 3937 et
837 3871 1296 3954 suspicionum,
1327 3878 1393 3935 et
1426 3870 1749 3949 timorum,
1780 3877 1846 3933 et
1875 3870 2131 3945 irarum,
2162 3876 2355 3952 atque

147 3972 449 4035 rixarum.

139 4096 144 4101 ·
232 4079 292 4134 2.
355 4073 732 4156 Rapiebant
775 4096 880 4137 me
930 4074 1298 4157 spectacula
1345 4071 1678 4148 theatrica,
1725 4072 1923 4153 plena
1966 4068 2356 4150 imaginibus
2450 4082 2543 4153 Π.ο

147 4174 543 4238 miseriarum
586 4197 892 4253 mearum,
921 4184 988 4237 et
1027 4174 1357 4239 fomitibus
1393 4171 1565 4253 ignis
1602 4170 1746 4233 mei.
1837 4168 2011 4243 Quid
2048 4178 2145 4233 est
2182 4169 2358 4254 quod
2372 4146 2569 4275 22¹3?

149 4275 238 4337 ibi
287 4275 487 4340 homo
538 4278 677 4340 vult
725 4276 960 4355 dolere,
1011 4298 1158 4340 cum
1207 4282 1458 4358 spectat
1505 4274 1801 4336 luctuosa
1850 4279 2044 4356 atque
2092 4271 2356 4351 tragica,
2374 4275 2553 4403 &gina

154 4400 294 4461 quac
343 4387 561 4442 tamen
610 4381 747 4463 pati
796 4382 937 4464 ipse
989 4378 1232 4443 nollet?
1322 4379 1414 4441 Et
1470 4387 1684 4441 tamen
1742 4376 1878 4460 pati
1926 4376 2065 4439 vult
2122 4396 2207 4437 ex
2264 4395 2359 4436 eis

155 4478 436 4544 dolorem
467 4488 810 4564 spectator,
840 4492 904 4546 et
942 4480 1122 4545 dolor
1157 4482 1298 4563 ipse
1339 4487 1437 4543 est
1463 4481 1761 4562 voluptas
1790 4477 1946 4561 ejus.
2037 4475 2213 4548 Quid
2240 4484 2359 4553 est,
