3042 5059
564 362 687 421 1⁴18
1110 356 1177 419 8.
1222 352 1738 419 AUGUSTINI
1779 351 2198 418 EPISCOPI

558 512 682 577 fuit
712 512 785 575 in
812 510 1097 587 animo;”
1140 518 1229 587 et,
1255 510 1298 543 “
1326 510 1645 592 Elapsum
1679 519 1780 571 est
1817 507 2032 571 animo
2047 507 2101 583 3’?
2144 504 2351 589 ipsam
2371 502 2764 569 memoriam

562 620 865 679 vocantes
906 612 1225 677 animum:
1278 631 1427 675 cum
1466 630 1620 689 ergo
1657 609 1754 673 ita
1789 609 1896 686 sit,
1925 607 2086 691 quid
2125 614 2226 669 est
2251 606 2376 668 hoc
2407 604 2587 687 quod
2615 626 2770 670 cum

562 712 883 778 tristitiam
908 732 1119 774 meam
1144 709 1532 793 praeteritam
1558 710 1748 773 laetus
1775 708 2060 784 memini,
2089 707 2342 771 animus
2367 706 2570 770 habet
2601 705 2772 768 laeti-

560 815 739 889 tiam,
766 820 835 875 et
868 812 1177 875 memoria
1212 809 1572 885 tristitiam3
1614 810 1932 891 laetusque
1959 816 2060 871 est
2083 806 2336 871 animus
2363 823 2450 869 ex
2479 826 2560 869 eo
2591 804 2774 887 quod

561 916 732 979 inest
772 913 834 975 ei
875 911 1123 987 lustitia,
1160 909 1469 973 memoria
1508 930 1662 973 vero
1703 931 1790 973 ex
1833 928 1912 971 eo
1955 907 2132 991 quod
2171 907 2340 969 inest
2381 904 2444 969 ei
2489 904 2774 981 tristitia,

560 1012 758 1077 tristis
784 1033 919 1074 non
944 1010 1086 1075 est?
1178 1011 1353 1073 Num
1382 1010 1544 1073 forte
1580 1030 1714 1072 non
1750 1008 2028 1091 pertinet
2061 1006 2145 1070 ad
2182 1002 2510 1069 animum?
2604 1004 2777 1075 Quis.

560 1116 687 1177 hoc
718 1111 997 1175 dixerit?
1088 1110 1411 1173 Nimirum
1440 1130 1596 1193 ergo
1625 1110 1930 1173 memoria
1957 1108 2148 1192 quasi
2173 1114 2392 1170 venter
2419 1113 2524 1169 est
2548 1104 2774 1181 animi,

560 1214 787 1277 loetitia
814 1233 964 1275 vero
1001 1219 1197 1294 atque
1234 1210 1491 1273 tristitia
1519 1210 1706 1293 quasi
1737 1210 1922 1273 cibus
1953 1208 2160 1271 dulcis
2187 1214 2256 1269 et
2281 1226 2536 1269 amarus
2555 1229 2574 1267 t
2620 1226 2774 1268 cum

562 1313 886 1377 memoriae
938 1308 1465 1375 commendantur
1510 1310 1698 1393 quasi
1745 1308 2009 1393 trajecta
2055 1308 2127 1371 in
2171 1314 2454 1369 ventrem
2505 1304 2778 1369 recondi

564 1416 699 1479 illic
742 1422 1039 1498 possunt,
1078 1433 1303 1496 sapere
1342 1432 1476 1473 non
1518 1420 1811 1494 possunt.
1897 1408 2272 1473 Ridiculum
2315 1418 2416 1471 est
2452 1408 2598 1470 haec
2639 1406 2779 1469 illis

566 1515 803 1579 similia
822 1522 1077 1599 putare,
1094 1533 1217 1575 nec
1246 1522 1461 1575 tamen
1488 1520 1642 1574 sunt
1669 1510 2037 1574 omnimodo
2069 1509 2427 1573 dissimilia.

546 1668 555 1675 .
652 1614 943 1705 22:1⁴5&
982 1634 1135 1678 ecce
1172 1611 1255 1675 de
1294 1613 1602 1675 memoria
1637 1611 1913 1695 profem,
1948 1631 2096 1674 cum
2133 1608 2282 1673 dico
2319 1616 2596 1692 quatuor
2631 1629 2779 1671 esse

566 1716 1077 1801 perturbationes
1134 1713 1363 1789 animi3
1422 1711 1862 1795 cupiditatem,
1907 1709 2226 1788 1aetitiam,
2269 1717 2535 1786 metum,
2575 1708 2778 1773 tristi-

566 1818 752 1881 tiam:
789 1823 857 1879 et
882 1814 1203 1899 quidquid
1232 1813 1313 1876 de
1341 1813 1445 1875 his
1473 1812 1802 1895 disputare
1828 1821 2118 1895 potuero,
2139 1808 2486 1873 dividendo
2519 1810 2782 1890 singula

566 1940 684 2002 per
706 1918 959 2001 species
979 1917 1077 1979 sui
1100 1916 1415 2000 cujusque
1438 1916 1690 1997 generis
1711 1920 1778 1979 et
1797 1912 2164 1979 definiendo
2172 1930 2196 1989 ‘3
2225 1912 2326 1975 ibi·
2338 1912 2596 1974 invenio
2615 1912 2784 1996 quid

568 2019 801 2093 dicam,
818 2025 1013 2101 atque
1034 2017 1187 2081 inde
1206 2018 1496 2100 profero:
1532 2039 1653 2082 nec
1675 2027 1890 2081 tamen
1909 2017 2046 2078 ulla
2065 2036 2282 2078 earum
2289 2015 2779 2097 perturbatione

568 2120 923 2203 perturbor,
958 2138 1107 2181 cum
1148 2138 1261 2181 eas
1302 2117 1774 2183 reminiscendo
1813 2136 2276 2192 commemor03
2323 2123 2390 2178 et
2429 2120 2784 2197 antequam

568 2219 995 2283 recolerentur
1022 2240 1063 2281 a
1090 2238 1193 2280 me
1222 2227 1289 2280 et
1324 2225 1830 2295 retractarentur,
1857 2217 1954 2280 ibi
1991 2218 2206 2290 e'ran't3
2251 2224 2588 2297 propterea
2619 2214 2786 2277 inde

570 2339 685 2401 per
730 2317 1235 2381 recordationem
1284 2325 1548 2400 potuere
1599 2318 1906 2402 depromi.
2014 2316 2208 2378 Forte
2255 2336 2430 2396 ergO,
2477 2315 2649 2378 sicut
2695 2314 2784 2378 de

568 2425 787 2483 ventre
845 2418 1031 2481 cibus
1087 2417 1491 2496 ruminandO,
1549 2419 1644 2482 sie
1701 2419 1828 2481 ista
1882 2417 1964 2480 de
2020 2415 2324 2479 memoria
2377 2414 2783 2479 recordando·

566 2519 988 2603 proferuntur.
1078 2518 1213 2583 Cur
1254 2519 1453 2601 igitur
1498 2520 1571 2580 in
1621 2540 1729 2582 ore
1777 2517 2188 2601 cogitationis
2235 2536 2368 2581 non
2419 2514 2690 2579 sentitur
2741 2536 2788 2577 a

572 2621 964 2703 disputante,
992 2620 1117 2682 hoc
1160 2629 1261 2683 est
1298 2640 1339 2683 a
1376 2616 1846 2697 reminiscente,
1872 2617 2116 2681 laetitiae
2157 2616 2430 2679 dulcedo
2459 2617 2564 2679 vel
2606 2637 2784 2681 atna-v

568 2718 781 2781 ritudo
810 2719 1176 2783 moestitiae?
1246 2722 1345 2783 An
1373 2720 1442 2783 in
1470 2721 1600 2784 hoc
1629 2718 1943 2782 dissimile
1972 2725 2092 2794 est,
2123 2716 2298 2801 quod
2327 2737 2462 2781 non
2489 2716 2785 2799 undique

572 2818 779 2881 simile
808 2816 947 2881 est?
1024 2820 1188 2891 Quis
1218 2820 1389 2883 enim
1418 2819 1575 2883 talia
1603 2822 1826 2883 volens
1853 2820 2236 2903 loqueretur,
2263 2818 2320 2881 si
2353 2818 2608 2901 quoties
2635 2817 2784 2880 tris·-

570 2918 779 2981 titiam
814 2926 1133 2981 metumve
1162 2920 1592 2996 nominamus,
1622 2920 1816 2983 toties
1839 2940 2106 2982 moerere
2134 2920 2236 2981 vel
2263 2917 2484 2981 timere
2515 2937 2781 2997 cogere-

572 3016 753 3081 mur?
844 3020 937 3082 Et
963 3026 1179 3082 tamen
1207 3038 1337 3081 non
1372 3038 1451 3081 ea
1485 3019 1910 3101 loqueremur,
1937 3018 2064 3081 nisi
2101 3018 2174 3080 in
2215 3017 2524 3080 memoria
2561 3024 2787 3081 nostra

571 3139 703 3181 non
750 3126 997 3181 tantum
1048 3140 1243 3181 sonos
1290 3119 1626 3182 nominum
1673 3120 2046 3183 secundum.
2075 3117 2388 3200 imagines
2435 3118 2788 3201 impressas

470 3249 481 3258 ·
576 3238 611 3279 e
634 3217 929 3280 sensibus
947 3215 1305 3300 corporis'3
1338 3217 1451 3280 sed
1472 3218 1668 3282 etiam
1689 3240 1892 3281 rerum
1915 3220 2198 3301 ipsarum
2220 3218 2515 3281 notiones
2535 3218 2787 3281 inveni-

574 3340 807 3397 remuS,
828 3341 989 3405 quas
1017 3322 1195 3385 nulla
1212 3321 1417 3405 janua
1444 3322 1654 3385 carnis
1683 3322 2072 3405 accepimus,
2091 3321 2206 3385 sed
2227 3343 2334 3385 eas
2361 3322 2506 3403 ipse
2529 3321 2788 3384 animus

575 3440 693 3502 per
722 3421 1183 3503 experientiam
1224 3423 1599 3504 passionum
1639 3444 1896 3487 suarum
1937 3423 2218 3485 sentiens
2258 3422 2582 3485 memoriae
2612 3442 2788 3485 com-

576 3519 921 3596 mendavit,
952 3528 1064 3583 aut
1090 3521 1233 3602 ipsa
1263 3522 1387 3585 sibi
1414 3523 1558 3587 haec
1587 3523 1779 3587 etiam
1805 3544 1938 3586 non
1965 3522 2412 3586 commendata
2437 3522 2722 3586 retinuit.

396 3640 512 3688 xv,
665 3623 769 3680 23.
816 3618 949 3683 Sed
990 3627 1202 3682 utrum
1244 3642 1361 3703 per
1402 3623 1736 3703 imagineS,
1767 3644 1850 3687 an
1892 3644 2044 3702 non,
2077 3624 2224 3707 quis
2267 3624 2456 3687 facile
2501 3622 2786 3687 dixerit?

342 3703 568 3815 Effiuzb·
580 3718 863 3783 Nomino
908 3719 1151 3803 quippe
1193 3722 1499 3805 lapidem,
1543 3724 1804 3787 nomino
1849 3725 2070 3803 solem,
2115 3745 2264 3789 cum
2304 3744 2406 3787 res
2449 3725 2611 3807 ipsae
2654 3745 2792 3786 non

341 3782 456 3907 ‘dupt-
469 3846 567 3881 me·
582 3820 817 3885 adsunt
844 3820 1137 3883 sensibus
1164 3821 1355 3899 meis3
1401 3823 1470 3885 in
1498 3824 1804 3887 memoria
1833 3844 1986 3887 sane
2012 3844 2160 3887 mea
2186 3834 2420 3907 praesto
2451 3833 2602 3887 sunt
2627 3824 2791 3888 ima-

340 3908 487 4009 ss’ffs
582 3922 765 4004 gines
792 3942 1027 3985 earum.
1118 3922 1402 3985 Nomino
1432 3922 1718 3986 dolorem
1749 3924 2053 4007 corporis,
2083 3944 2204 3989 nec
2231 3925 2392 3987 mihi
2420 3924 2604 3987 adest
2633 3924 2792 3986 dum

578 4023 745 4085 nihil
773 4022 982 4099 dolet3
1026 4021 1154 4085 nisi
1193 4031 1404 4086 tamen
1446 4022 1700 4087 adesset
1735 4023 1950 4103 imago
1991 4022 2130 4107 ejus
2169 4024 2240 4087 in
2277 4015 2586 4088 memoria
2623 4046 2793 4100 mea,

580 4124 891 4187 nescirem
936 4124 1096 4207 quid
1138 4124 1436 4203 dicerem,
1470 4146 1592 4189 nec
1637 4148 1784 4189 eum
1827 4127 1896 4189 in
1939 4126 2330 4210 disputando
2373 4150 2413 4190 a
2453 4130 2794 4211 voluptate

584 4223 1029 4287 discernerem.
1119 4226 1403 4287 Nomino
1434 4226 1704 4289 salutem
1735 4225 2024 4309 corporis
2053 4248 2202 4291 cum
2231 4229 2444 4291 salvus
2475 4248 2622 4291 sum
2654 4250 2795 4292 cor-

582 4343 775 4403 pore:
822 4322 1005 4387 adest
1033 4324 1193 4387 mihi
1223 4325 1484 4409 quidem
1512 4346 1614 4388 res
1639 4326 1786 4409 ipsa
1801 4350 1820 4405 3
1865 4337 2295 4392 verumtamen
2322 4327 2454 4391 nisi·
2479 4336 2549 4392 et
2573 4328 2798 4411 imago

585 4422 723 4503 ejus
772 4424 1013 4489 inesset
1057 4426 1128 4489 in
1172 4427 1480 4493 memoria
1529 4448 1690 4507 mea,
1741 4431 1920 4493 nullo
1971 4430 2186 4493 modo·
2215 4429 2582 4495 recordarer
2632 4432 2798 4515 quid
