3042 5059
345 754 541 869 ῗέὴῑῗῐ

405 2156 500 2206 v1.

340 2221 546 2269 Faustus

340 2284 440 2333 elo·

339 2364 508 2412 quens,

341 2414 427 2461 sed
453 2413 510 2462 li·
584 2451 598 2465 .

338 2476 478 2525 bera-

582 386 666 447 68
1131 383 1196 445 S.
1243 381 1432 447 AUG
1441 382 1761 447 USTINI
1808 382 2228 447 EPISCOPI

581 538 808 601 nacius
835 538 1146 601 affirmare
1175 538 1408 602 audeat
1437 536 1615 622 quod
1642 538 1911 621 ignorat.
1984 537 2115 601 Sed
2136 537 2329 599 etiam
2350 536 2497 599 talis
2523 534 2797 600 infirmi-

581 648 682 703 tas
710 640 779 702 in
808 638 964 701 fidei
992 640 1328 703 cunabulis
1349 662 1389 703 a
1405 639 1713 704 charitate
1742 648 1939 703 matre
1970 638 2335 714 sustinetur,
2359 636 2563 700 donec
2586 658 2797 699 assur-

585 750 695 822 gat
717 762 924 806 novus
952 741 1146 803 homo
1175 742 1248 802 in
1275 743 1487 805 virum
1506 742 1899 825 pevfectum,
1920 748 1985 803 et
2002 740 2416 822 circumferri
2434 759 2567 801 non
2590 738 2802 823 possit

584 846 762 907 muni
788 852 972 906 vento
1014 843 1342 905 doctrin-ne.
1430 843 1511 905 In
1556 844 1671 906 illo
1716 850 1929 906 autem
1968 841 2083 925 qui
2124 840 2369 917 doctor,
2400 841 2515 924 qui
2552 848 2801 915 auctor,

587 946 699 1030 qui
727 944 862 1008 dux
892 952 956 1008 et
983 945 1286 1029 princeps
1315 967 1534 1009 eorum
1565 947 1802 1031 quibus
1829 946 1944 1009 illa
1972 944 2283 1021 suaderet,
2311 944 2404 1007 ita
2431 942 2573 1007 fieri
2602 963 2799 1005 ausus

585 1054 703 1123 est,
747 1055 819 1109 ut
863 1046 975 1129 qui
1029 1068 1175 1109 eum
1227 1056 1661 1131 sequerentur,
1706 1068 1838 1111 non
1890 1045 2242 1129 quemlibet
2286 1044 2637 1120 hominem,
2686 1040 2801 1105 sed

585 1147 894 1229 Spiritum
928 1157 1105 1211 tuum
1149 1155 1440 1211 sanctum
1484 1169 1553 1210 se
1598 1148 1780 1231 sequi
1826 1148 2310 1222 arbitrarentm3
2368 1145 2517 1229 quis
2554 1150 2799 1207 tantam

578 1244 988 1324 dementiam,
1028 1248 1239 1312 sicubi
1277 1249 1442 1311 falsa
1481 1248 1727 1311 dixisse
1771 1248 2273 1325 convinceretur,
2303 1267 2451 1316 non,
2476 1244 2799 1308 detestan-

580 1346 728 1411 dam
771 1349 1090 1432 longeque
1131 1348 1561 1432 abjiciendam
1600 1370 1739 1412 esse
1770 1346 2133 1432 judicaret?
2211 1345 2343 1411 Sed
2380 1356 2591 1411 tamen
2632 1366 2799 1409 non-

581 1448 732 1511 dum
761 1448 1011 1531 liquido
1043 1470 1474 1531 compereram
1513 1459 1726 1513 utrum
1771 1450 1963 1511 etiam
2006 1446 2362 1510 secundum
2404 1448 2545 1532 ejus
2579 1447 2801 1523 verba,

580 1548 1056 1612 vicissitudines
1084 1550 1444 1631 longiorum
1473 1558 1538 1612 et
1579 1550 1942 1612 breviorum
1972 1548 2217 1611 dierum
2260 1556 2454 1632 atque
2482 1547 2799 1624 noctium,

579 1658 645 1713 et
679 1650 885 1732 ipsius
923 1651 1131 1713 noctis
1177 1657 1242 1713 et
1279 1649 1429 1729 diei,
1459 1658 1525 1713 et
1562 1650 1849 1734 deliquia
1889 1651 2227 1728 luminum,
2258 1658 2323 1714 et
2352 1651 2409 1713 si
2438 1650 2599 1733 quid
2628 1648 2799 1732 ejus-

578 1749 756 1812 modi
785 1750 854 1813 in
886 1751 1030 1813 aliis
1056 1751 1242 1813 libris
1270 1752 1573 1831 legeram,
1594 1758 1814 1833 posset
1842 1752 2117 1834 exponi3
2162 1759 2255 1831 ut,
2279 1751 2334 1813 si
2362 1751 2525 1814 forte
2554 1760 2801 1833 posset,

580 1851 896 1915 incertum
939 1852 1201 1935 quidem
1241 1852 1402 1914 mihi
1432 1852 1615 1915 fieret
1643 1860 1855 1915 utrum
1884 1852 1977 1915 ita
2006 1873 2074 1915 se
2103 1874 2205 1915 res
2232 1853 2520 1928 haberet,
2550 1872 2636 1915 an
2664 1873 2801 1913 non

578 1950 710 2028 ita3
759 1950 874 2015 sed
903 1951 985 2014 ad
1015 1951 1209 2015 fidem
1239 1973 1447 2015 meam
1488 1953 1665 2015 illius
1707 1952 2169 2030 auctoritatem,
2196 1960 2461 2035 propter
2489 1950 2801 2014 creditam

582 2049 1006 2125 sanctitatem,
1035 2070 1494 2133 praeponerem.

672 2154 773 2212 10.
830 2151 924 2212 Et
964 2171 1081 2233 per
1124 2172 1328 2213 annos
1369 2151 1564 2213 ferme
1619 2151 1797 2233 ipsos
1840 2172 2095 2227 novem,
2140 2150 2377 2233 quibus
2420 2171 2537 2213 eos
2580 2150 2799 2213 animo

580 2248 1002 2332 vagabundus
1030 2250 1268 2328 audivi,
1297 2251 1490 2313 nimis
1521 2258 1783 2313 extento
1820 2249 2135 2314 desiderio
2162 2260 2497 2314 venturum
2524 2272 2797 2333 exspec-

581 2353 796 2414 tabam
838 2350 1033 2414 istum
1078 2353 1404 2415 Faustum.
1495 2351 1729 2415 Caeteri
1787 2351 1957 2414 enim
2014 2373 2257 2428 eorum,
2300 2352 2371 2414 in
2426 2374 2593 2436 quos
2635 2352 2800 2413 forte

580 2451 1008 2529 mcurrissem,
1055 2452 1167 2535 qui
1222 2451 1447 2515 talium
1500 2472 1710 2514 rerum
1768 2452 2235 2534 quaestionibus
2279 2474 2321 2515 a
2366 2474 2469 2515 me
2524 2452 2803 2536 objectis

337 2539 456 2589 lium
470 2540 567 2590 ‘¹³⁸‘
583 2550 989 2627 deficiebant,
1006 2551 1191 2614 illum
1219 2552 1380 2613 mihi
1409 2552 1885 2633 promittebant,
1906 2552 2090 2637 cujus
2120 2554 2401 2617 adventu
2429 2554 2800 2636 collatoque

340 2606 544 2670 ciplina·

341 2684 447 2717 lum
472 2686 553 2718 ex·

338 2748 466 2798 pers.

584 2655 906 2737 colloquio
936 2654 1239 2717 facillime
1267 2654 1429 2716 mihi
1457 2655 1621 2732 haec,
1646 2666 1710 2720 et
1738 2656 1793 2727 si
1825 2677 1955 2740 qua
1982 2657 2143 2719 forte
2161 2655 2403 2740 majora
2424 2677 2801 2740 quaererem,

583 2752 1035 2823 enodatissime
1087 2753 1560 2837 expedirentur.
1649 2756 1829 2837 Ergo
1884 2757 2000 2820 ubi
2053 2757 2249 2835 venit,
2293 2766 2597 2841 expertus
2654 2780 2800 2821 sum

577 2852 904 2915 hominem
957 2863 1203 2935 gratum
1255 2862 1320 2917 et
1366 2854 1729 2940 jucundum
1779 2856 2013 2933 verbiS,
2062 2865 2128 2920 et
2178 2878 2255 2920 ea
2302 2858 2449 2940 ipsa
2498 2881 2647 2943 quae
2698 2858 2798 2920 illi

579 2956 789 3017 solent
827 2954 1063 3032 dicere,
1091 2957 1293 3019 multo
1325 2958 1587 3019 suavius
1633 2958 2031 3039 garrientem.
2124 2958 2255 3023 Sed
2286 2958 2445 3041 quid
2474 2959 2556 3023 ad
2582 2980 2799 3023 meam

579 3055 753 3122 sitim
820 3055 1267 3139 pretiosiorum
1335 3059 1717 3139 poculorum
1790 3057 2277 3122 decentissimus
2346 3060 2741 3123 ministrator
2771 3058 2796 3122 ?

577 3159 621 3221 J
623 3179 725 3220 am
767 3160 959 3220 rebus
1003 3156 1240 3219 talibus
1286 3158 1531 3221 satiatae
1576 3168 1755 3222 erant
1798 3181 1985 3223 aures
2026 3182 2224 3223 meae:
2271 3182 2391 3225 nec
2435 3159 2586 3225 ideo
2631 3161 2797 3223 mihi

577 3257 844 3319 meliora
883 3255 1285 3333 videbantur,
1331 3258 1484 3340 quia
1523 3260 1757 3322 melius
1801 3260 2180 3324 dicebantur
2211 3285 2229 3339 ;
2288 3282 2410 3324 nec
2453 3261 2601 3325 ideo
2646 3282 2800 3323 vera

579 3358 734 3440 quia
771 3356 1044 3417 diserta:
1105 3376 1226 3418 nec
1268 3355 1415 3418 ideo
1455 3358 1715 3441 sapiens
1758 3360 1991 3437 anima,
2022 3361 2179 3444 *quia
2214 3363 2430 3424 vultus
2471 3382 2818 3443 congruus-

579 3460 645 3515 et
665 3451 966 3515 decorum
995 3453 1341 3535 eloquium.
1418 3455 1527 3516 Illi
1560 3462 1772 3518 autem
1802 3457 1916 3540 qui
1947 3479 2093 3520 eum
2123 3458 2284 3520 mihi
2312 3460 2795 3541 promittebant,

577 3573 709 3615 non
748 3553 906 3615 boni
943 3573 1150 3615 rerum
1186 3554 1655 3619 existimatores
1700 3566 1919 3635 erant3
1988 3565 2054 3620 et
2095 3558 2243 3621 ideo
2282 3559 2413 3621 illis
2456 3559 2796 3624 videbatur

576 3651 858 3735 prudens
887 3660 952 3715 et
983 3654 1260 3735 sapiens,
1281 3655 1435 3739 quia
1465 3656 1828 3721 delectabat
1856 3681 1969 3722 eos
1997 3660 2290 3743 loquens
2360 3662 2549 3725 Sensi
2578 3670 2795 3726 autem

577 3752 754 3815 aliud
786 3774 988 3834 genus
1017 3755 1350 3818 hominum
1381 3757 1572 3821 etiam
1601 3759 1930 3822 veritatem
1959 3760 2195 3823 habere
2226 3772 2615 3851 suspectam,
2636 3772 2701 3826 et
2728 3764 2790 3826 ei

575 3854 746 3916 nolle
775 3853 1184 3937 acquiescere
1215 3856 1270 3917 si
1303 3865 1561 3939 compto
1592 3865 1787 3941 atque
1829 3860 2009 3922 uberi
2047 3880 2335 3924 sermone
2375 3870 2792 3944 promeretur.

575 3952 690 4015 Me
721 3962 934 4016 autem
955 3954 1094 4039 jam
1125 3955 1452 4034 docueraS,
1485 3957 1670 4021 Deus
1700 3980 1903 4036 meus,
1932 3960 2109 4022 miris
2141 3971 2205 4025 et
2232 3963 2507 4026 occultis
2536 3963 2751 4026 modis
2774 3988 2793 4041 3

576 4060 641 4115 et
668 4064 1008 4137 propterea
1037 4055 1227 4119 credo
1269 4057 1444 4140 quod
1471 4066 1545 4120 tu
1570 4080 1672 4121 me
1713 4058 2029 4137 docueriS,
2063 4063 2367 4143 quoniam
2409 4085 2630 4126 verum
2674 4073 2794 4142 est,

573 4174 695 4217 nec
737 4156 1077 4239 quisquam
1121 4166 1350 4240 praeter
1386 4166 1449 4221 te
1488 4159 1650 4222 alius
1694 4167 1793 4222 est
1835 4159 2058 4223 doctor
2099 4163 2253 4239 veri,
2291 4164 2687 4248 ubicumque
2730 4173 2795 4227 et

573 4255 1024 4342 undecumque
1069 4258 1444 4323 claruerit⁵.·
1495 4262 1643 4324 Jam
1687 4284 1840 4344 ergo
1885 4267 2002 4328 abs
2047 4272 2108 4328 te
2149 4264 2517 4345 didiceram,
2546 4288 2671 4330 nec
2712 4289 2791 4331 eo

576 4353 807 4421 debere
838 4358 1039 4421 videri
1067 4359 1316 4443 aliquid
1343 4382 1564 4423 verum
1594 4362 1745 4439 dici,
1768 4365 1923 4447 quia
1953 4367 2326 4449 eloquenter
2354 4367 2588 4431 dicitur
2600 4391 2618 4445 3
2666 4386 2790 4431 nec

1259 4477 1276 4513 ¹
1312 4482 1426 4531 Vid.
1449 4484 1510 4531 L.
1533 4483 1609 4533 vii.
1632 4486 1675 4547 §.
1699 4488 1777 4535 15.
1800 4495 1849 4535 et
1871 4496 1965 4537 not.
1989 4487 2104 4538 ibid.
