3042 5059
685 376 1256 442 CONFESSION
1265 378 1409 441 ΠΜ
1453 379 1740 443 LIBER
1781 380 1899 443 VI.
2306 385 2393 443 99

179 530 449 593 amicos.
539 532 596 592 A
629 550 902 614 quorum
929 552 1051 613 ego
1083 531 1343 616 quidem
1387 532 1743 613 granditate
1784 532 1983 597 animi
2024 534 2213 616 longe
2236 536 2389 599 abe·

178 651 353 693 ram:
423 638 490 694 et
531 630 891 714 deligatus·
924 634 1152 696 morbo
1195 633 1404 699 camis
1445 632 1769 697 mortifera.
1808 634 2141 713 suavitate,
2183 637 2390 699 trahe-

176 733 336 794 bam
381 740 678 796 catenam
711 754 944 811 meam,
971 734 1136 797 solvi
1161 734 1416 812 timens,
1441 741 1508 797 et
1550 733 1737 818 quasi
1780 754 2095 799 concusso
2136 738 2393 801 vulnere

175 833 508 915 repellens
547 834 744 897 verba
792 835 961 897 bene
1004 832 1352 913 suadentis,
1395 842 1703 919 tanquam
1754 856 2015 899 manum
2068 837 2391 901 solventis.

179 934 464 1016 Insuper
488 934 683 998 etiam
717 956 836 1017 per
860 956 964 998 me
991 934 1120 1019 ipsi
1150 957 1408 1021 quoque
1435 936 1675 1020 Alypio
1701 937 2085 1021 loquebatur
2110 958 2395 1022 serpens,

176 1043 248 1097 et
305 1036 681 1100 innectebat
737 1045 934 1122 atque
991 1041 1338 1123 spargebat
1391 1062 1506 1125 per
1560 1040 1849 1121 linguam
1904 1061 2113 1103 meam
2168 1040 2392 1105 dulces

177 1138 456 1220 laqueos
511 1138 582 1201 in
631 1136 740 1202 via.
784 1137 948 1223 ejus,
997 1140 1236 1224 quibus
1285 1139 1383 1204 illi
1428 1140 1687 1203 honesti
1735 1146 1802 1204 et
1849 1138 2139 1223 expediti
2191 1139 2391 1224 pedes

176 1236 684 1320 implicarentur.
1186 1298 1200 1309 .

268 1342 376 1399 22.
425 1339 592 1403 Cum
608 1339 780 1403 enim
798 1361 903 1403 me
917 1341 1026 1403 me
1042 1340 1392 1419 mirarem,
1414 1362 1607 1425 quem
1622 1361 1755 1403 non
1774 1340 2281 1425 parvipenderet,
2299 1342 2391 1406 ita.

178 1437 425 1501 haerere
457 1439 636 1503 visco
672 1439 848 1503 illius
883 1441 1253 1525 voluptatis»,
1281 1448 1356 1504 ut
1387 1462 1493 1504 me
1532 1442 1929 1518 affirmarem,
1957 1441 2385 1525 quotiescum-

176 1558 312 1620 que
353 1538 508 1602 inde
549 1540 716 1604 inter
755 1560 877 1605 nos
919 1560 1366 1624 quaereremus,
1404 1540 1699 1605 caelibem
1732 1540 1931 1603 vitam
1970 1542 2151 1605 nullo
2192 1542 2386 1607 modo

177 1659 376 1721 posse
407 1638 634 1721 degere
659 1664 677 1717 ;
721 1648 916 1724 atque
941 1641 1034 1704 ita
1063 1662 1166 1704 me
1206 1640 1631 1720 defenderem,
1658 1662 1807 1704 cum
1838 1641 2021 1704 illum
2052 1642 2387 1707 mirantem

177 1739 489 1818 viderem,
517 1747 592 1803 ut
633 1740 912 1805 dicerem
953 1743 1227 1805 multum
1269 1742 1577 1806 interesse
1620 1742 1786 1806 inter
1825 1741 1989 1805 illud
2032 1743 2207 1826 quod
2246 1745 2388 1828 ipse

177 1841 419 1923 raptim
448 1849 514 1905 et
537 1840 756 1904 furtim
785 1850 1089 1925 expertus
1119 1850 1306 1920 esset,
1331 1842 1509 1926 quod
1532 1862 1701 1925 pene
1718 1840 1861 1926 jam
1888 1863 1971 1905 ne
1996 1844 2391 1909 meminisset

178 1941 469 2025 quidem,
499 1950 692 2027 atque
734 1942 882 2006 ideo
924 1944 1104 2006 nulla
1143 1944 1440 2007 molestia
1473 1942 1661 2007 facile
1705 1949 2159 2020 contemneret,
2186 1954 2253 2008 et
2278 1943 2386 2009 de·

173 2043 560 2106 lectationes
598 2043 1082 2107 consuetudinis
1115 2065 1298 2124 meae,
1329 2042 1414 2107 ad
1440 2064 1603 2127 quas
1644 2043 1699 2106 si
1744 2043 2121 2107 accessisset
2153 2044 2387 2109 hones-

177 2151 318 2206 tum
361 2165 599 2208 nomen
645 2145 1055 2222 matrimonii,
1099 2165 1234 2209 non
1282 2165 1431 2208 eum
1478 2143 1697 2208 mirari
1744 2152 2053 2227 oportere,
2104 2166 2217 2209 cur
2264 2168 2388 2228 ego

174 2246 358 2308 illam
378 2246 575 2310 vitam
595 2247 928 2331 nequirem
949 2268 1270 2331 spernere:
1319 2255 1603 2331 coeperat
1623 2255 1687 2311 et
1700 2247 1845 2331 ipse
1859 2247 2217 2313 desiderare
2234 2270 2387 2313 con·

165 2346 454 2429 jugium,
481 2369 896 2432 nequaquam
923 2349 1133 2412 victus
1166 2348 1436 2413 libidine
1465 2349 1613 2412 talis
1639 2349 2008 2432 voluptatis,
2037 2348 2154 2413 sed
2182 2351 2387 2414 curio·

176 2449 410 2513 sitatis.
501 2450 782 2513 Dicebat
823 2451 996 2513 enim
1047 2451 1209 2514 scire
1253 2472 1323 2514 se
1367 2471 1599 2535 cupere
1644 2448 1953 2534 quidnam
1995 2459 2165 2514 esset
2205 2452 2388 2530 illud,

177 2549 320 2613 sine
365 2571 498 2634 quo
541 2550 675 2613 vita
717 2572 864 2641 mea
905 2570 1050 2635 quae
1095 2551 1191 2615 illi
1232 2552 1328 2615 sic
1372 2552 1691 2634 placebat,
1718 2570 1852 2613 non
1894 2550 2056 2613 mihi
2092 2551 2245 2629 vita,
2274 2551 2388 2615 sed

177 2672 377 2734 poena
401 2650 736 2715 videretur.
826 2652 1144 2736 Stupebat
1169 2654 1341 2715 enim
1365 2652 1531 2715 liber
1570 2653 1653 2715 ab
1690 2652 1805 2715 illo
1839 2653 2099 2715 vinculo
2124 2653 2388 2717 animus

175 2752 545 2815 servitutem
575 2774 803 2832 meam,
833 2759 900 2815 et
927 2753 1244 2836 stupendo
1286 2753 1426 2817 ibat
1464 2753 1535 2815 in
1577 2751 1953 2835 experiendi
1995 2753 2387 2838 cupidinem,

177 2860 483 2915 venturus
512 2853 582 2915 in
609 2854 815 2937 ipsam
853 2854 1336 2937 experientiam,
1365 2862 1559 2938 atque
1594 2854 1746 2917 inde
1788 2853 2052 2917 fortasse
2090 2856 2387 2937 lapsurus

175 2954 244 3014 in
273 2974 418 3016 eam
449 2974 641 3037 quam
671 2956 972 3037 stupebat
1000 2954 1402 3033 servitutem-3
1447 2954 1753 3038 quoniam
1790 2957 2183 3035 sponsionem
2212 2957 2385 3019 vole·

175 3056 289 3117 bat
317 3055 558 3135 facere
600 3076 747 3117 cum
789 3063 996 3119 morte
1015 3081 1038 3125 ,·
1102 3063 1168 3119 et
1210 3058 1326 3139 qui
1368 3062 1553 3118 amat
1593 3056 1990 3135 periculum,
2032 3056 2272 3117 incidit
2310 3058 2407 3119 in.

174 3156 363 3217 illud.
457 3156 772 3218 Neutrum
813 3156 985 3219 enim
1027 3164 1336 3236 nostrum,
1369 3156 1425 3219 si
1469 3155 1645 3240 quod
1682 3165 1781 3219 est
1820 3153 2158 3239 conjugale
2188 3155 2387 3221 decus

175 3256 244 3317 in
289 3255 510 3318 officio
558 3254 823 3336 regendi
875 3255 1265 3319 matrimonii
1307 3263 1373 3319 et
1416 3255 1969 3339 suscipiendorum
2019 3256 2385 3335 liberorum,

171 3356 475 3435 ducebat,
515 3357 644 3421 nisi
678 3359 969 3422 tenuiter.
1057 3360 1307 3441 Magna.
1349 3367 1563 3423 autem
1605 3380 1691 3423 ex
1732 3368 1913 3445 parte
1959 3368 2150 3444 atque
2192 3361 2382 3423 vehe—

171 3465 422 3521 menter
463 3458 863 3523 consuetudo
907 3458 1216 3523 satiandae
1265 3460 1652 3537 insatiabilis
1695 3460 2237 3543 concupiscentiae
2280 3482 2383 3523 me

169 3567 440 3641 captum
481 3559 930 3624 excruciabat:
983 3561 1166 3623 illum
1204 3568 1418 3624 autem
1454 3560 1791 3623 admiratio
1834 3560 2222 3643 capiendum
2259 3568 2382 3623 tra·

169 3659 391 3722 hebat.
517 3660 626 3723 Sic
697 3680 968 3737 eramus,
1026 3659 1232 3724 donec
1301 3670 1394 3738 tu,
1463 3660 1813 3739 Altissime,
1882 3682 2015 3725 non
2085 3660 2383 3725 deserens

169 3761 444 3823 humum
487 3768 790 3837 nostram,
829 3760 1162 3825 miseratus
1205 3762 1492 3839 miserOS,
1528 3762 1898 3825 subvenires
1942 3763 2120 3825 miris
2166 3772 2231 3826 et
2274 3784 2379 3825 oc·

170 3861 370 3923 cultis
399 3860 628 3924 modis.
1037 3860 1042 3865 ’

258 3965 365 4024 23.
413 3962 506 4025 Et
529 3961 888 4025 instabatur
915 3962 1186 4045 impigre
1213 3969 1289 4025 ut
1316 3961 1614 4025 ducerem
1641 3982 1927 4025 uxorem.
2014 3962 2060 4025 J
2062 3983 2163 4025 am
2199 3969 2377 4043 pete·
2428 3983 2579 4033 ΧΙΙΙ.

169 4064 344 4139 bam,
379 4061 520 4148 jam
573 4062 1080 4147 promittebatur,
1122 4063 1403 4127 maxime
1445 4070 1645 4124 matre
1689 4061 1881 4124 dante
1926 4082 2203 4143 operam,
2248 4083 2380 4145 quo

2399 4046 2539 4121 Uxor·

2398 4118 2618 4173 queritur

169 4184 273 4225 me
309 4162 449 4247 jam
491 4164 906 4249 conjugatum
940 4163 1314 4246 Baptismus
1353 4162 1647 4225 salutaris
1689 4162 1993 4237 ablueret,
2023 4182 2152 4244 quo
2179 4182 2282 4223 me
2308 4161 2379 4223 in
2397 4174 2587 4239 Augu:-

171 4263 313 4328 dies
349 4264 678 4345 gaudebat
708 4266 936 4349 aptari,
965 4274 1030 4327 et
1058 4272 1205 4327 vota
1233 4284 1351 4326 sua
1394 4285 1469 4326 ac
1504 4262 1817 4345 promissa
1844 4269 1957 4323 tua
1980 4260 2050 4323 in
2079 4282 2223 4324 mea
2250 4260 2379 4325 fide

169 4365 484 4449 compleri
525 4365 1084 4429 animadvertebat.
1177 4365 1344 4428 Cum
1386 4384 1539 4427 sane
1583 4371 1648 4425 et
1687 4369 1914 4443 rogatu
1947 4383 2089 4424 meo
2118 4369 2184 4425 et
2213 4362 2378 4425 desi-

2398 4238 2512 4287 tinea
2585 4264 2597 4273 ·

171 4464 350 4529 derio
395 4488 536 4545 sue,
564 4466 710 4531 forti
753 4468 1026 4533 clamore
1073 4464 1282 4531 cordis
1321 4466 1437 4529 abs
1479 4472 1541 4527 te
1586 4463 2027 4548 deprecaretur
2069 4464 2377 4548 quotidie,
2487 4530 2495 4537 ,

1225 4571 1336 4627 112
