3042 5059
589 478 710 536 190
1137 471 1205 538 S.
1253 471 1771 538 AUGUSTINI
1816 469 2235 535 EPISCOPI

582 637 794 692 vestra
841 629 916 690 in
964 630 1240 708 crapula
1290 636 1355 690 et
1409 627 1741 692 ebrietate.
1841 626 2143 691 Ebrietas
2184 629 2376 706 longe
2419 632 2521 688 est
2568 647 2609 689 a
2660 646 2803 701 me;

581 729 1003 807 misereberiS‚
1023 750 1106 793 ne
1136 730 1615 814 appropinquet
1641 732 1823 794 mihi.
1921 729 2227 814 Crapula‘
2257 737 2470 792 autem
2498 748 2805 790 nonnun-

585 855 778 918 quam
825 833 1115 914 subrepit
1159 853 1339 894 servo
1391 839 1544 909 tu03
1609 833 2030 911 misereberiS,
2067 839 2139 895 ut
2180 833 2375 911 longe
2419 829 2537 891 fiat
2582 851 2623 892 a
2672 851 2798 890 me.

347 955 460 1020 Sap.
485 957 534 1011 8,
583 937 789 997 Nemo
826 934 999 994 enim
1030 940 1244 1012 potest
1285 953 1417 996 esse
1467 935 1821 1012 continens,
1852 935 1983 996 nisi
2026 941 2101 995 iu
2136 933 2265 995 des.
2354 931 2571 992 Multa
2608 929 2803 991 nobis

346 1021 432 1068 ²¹·
587 1033 914 1098 orantibus
943 1034 1207 1110 tribuis3
1253 1042 1321 1096 et
1348 1032 1667 1118 quidquid
1693 1035 1851 1097 boni
1880 1043 2223 1118 antequam
2261 1052 2585 1095 oraremus
2616 1051 2805 1094 acce-

586 1136 822 1219 pimm,
862 1155 902 1197 a
951 1148 1014 1197 te
1062 1135 1473 1217 accepimus3
1542 1143 1609 1197 et
1650 1142 1724 1197 ut
1779 1136 1904 1198 hoc
1962 1142 2193 1218 postea
2238 1152 2804 1212 cognosceremus,

585 1233 813 1302 antea·
856 1235 1244 1318 accepimus.
1331 1235 1649 1298 Ebriosus
1706 1257 2035 1320 nunquam
2092 1235 2207 1312 fui,
2254 1233 2371 1297 sed
2420 1233 2710 1296 ebriosos
2766 1254 2807 1294 a

584 1346 648 1401 te
689 1338 896 1401 factos
947 1336 1196 1399 sobrios
1244 1357 1366 1417 ego
1415 1337 1590 1398 novi.
1678 1337 1858 1418 Ergo
1911 1359 1950 1400 a
1998 1344 2063 1399 te
2112 1335 2355 1399 factum
2404 1341 2505 1397 est
2554 1340 2630 1396 ut
2671 1335 2805 1396 hoc

585 1459 716 1501 non
744 1445 958 1501 essent
984 1437 1097 1519 qui
1125 1454 1456 1519 nunquam
1482 1435 1759 1513 fuerunt,
1789 1460 1829 1501 a
1857 1459 1987 1521 quo
2015 1436 2255 1500 factum
2286 1443 2383 1498 est
2406 1442 2482 1498 ut
2506 1435 2639 1498 hoc
2666 1455 2807 1496 non

589 1559 840 1622 semper
867 1546 1082 1603 essent
1111 1539 1226 1622 qui
1261 1538 1538 1615 fuerunt,
1568 1560 1607 1601 a
1636 1560 1767 1622 quo
1810 1539 2004 1601 etiam
2040 1538 2283 1601 factum
2318 1544 2418 1600 est
2449 1545 2524 1599 ut
2564 1536 2808 1600 scirent

353 1673 470 1722 nec.
498 1672 574 1728 18,
588 1641 841 1726 utrique
885 1663 926 1704 a
967 1662 1097 1725 quo
1135 1641 1378 1704 factum
1415 1647 1533 1703 est.
1622 1639 1861 1703 Audivi
1900 1641 2091 1703 aliam
2118 1659 2345 1702 vocem
2379 1647 2591 1702 tuam:
2640 1640 2807 1701 Post

348 1739 432 1788 30.
588 1744 1134 1824 concupiscentias
1183 1750 1332 1805 tuas
1379 1762 1508 1804 mm
1558 1763 1689 1819 eac,
1738 1750 1805 1805 ct
1852 1764 1896 1804 a
1944 1743 2267 1804 voluntate
2318 1749 2437 1804 tua
2486 1749 2804 1804 avertere.

353 1879 377 1924 1
401 1876 574 1930 eona,
590 1845 828 1909 Audivi
856 1855 923 1909 et
945 1845 1124 1908 1113111
1153 1865 1239 1907 ex
1269 1865 1533 1909 munere
1574 1853 1685 1909 tuo
1724 1867 1919 1928 quam
1959 1847 2232 1908 multum
2275 1845 2523 1908 amavi:
2570 1847 2810 1928 Neque

354 1942 402 1989 ⁸·
588 1949 647 2009 si
683 1946 1310 2024 manducaverimus&
1351 1943 1829 2007 abundabimus
1840 1971 1864 2014 ;
1928 1966 2134 2028 neque
2174 1945 2235 2006 si
2270 1965 2399 2006 non
2434 1944 2807 2007 manduca-

587 2049 889 2124 verimm,
943 2047 1153 2109 deerit
1207 2045 1405 2109 nobie.
1526 2047 1677 2109 Hoc
1737 2053 1840 2109 est
1895 2044 2126 2123 dicere,
2166 2047 2310 2109 Nec
2366 2046 2481 2110 1113
2536 2067 2639 2108 res
2694 2067 2810 2108 me

593 2147 930 2230 copiosum
973 2147 1186 2225 faciet,
1223 2168 1345 2210 nec
1393 2146 1509 2208 illa
1556 2167 2003 2209 aerumnosum.
2102 2145 2340 2209 Audivi
2384 2153 2451 2210 et
2491 2148 2806 2212 alteram:

359 2281 484 2330 Phil.
507 2283 555 2339 4,
592 2250 735 2330 qu
763 2251 936 2311 enim
966 2248 1174 2310 didici
1215 2250 1288 2310 in
1332 2247 1564 2331 quibu-3
1604 2269 1746 2310 sam
1786 2247 2111 2332 sufficiens
2151 2270 2283 2312 esse
2297 2273 2321 2317 ‚·
2368 2255 2437 2312 et
2462 2249 2813 2312 abundare

363 2348 566 2396 11-13.
592 2351 760 2427 novi,
789 2357 857 2412 et
881 2351 1236 2430 ⁴penuriam
1261 2349 1419 2428 pati
1460 2351 1623 2410 novi.
1726 2349 1964 2410 Omnia
1996 2368 2261 2428 poscam
2302 2351 2377 2412 in
2418 2371 2489 2412 eo
2536 2352 2653 2432 qai
2696 2371 2810 2412 me

591 2454 932 2536 confortat.
1021 2453 1201 2516 Ecce
1226 2452 1412 2514 miles
1443 2459 1795 2515 castrorum
1824 2451 2203 2529 coelestium,
2224 2473 2355 2514 non
2376 2453 2591 2535 pulvis
2621 2454 2808 2538 quod

593 2550 758 2616 nos'*
778 2573 1018 2616 sumus.
1107 2551 1240 2616 Sed
1267 2559 1609 2629 mementO,
1632 2553 1935 2626 Domine,
1955 2553 2109 2635 quia
2127 2554 2343 2636 pulvis
2374 2576 2617 2632 50111118,
2636 2563 2702 2618 et
2722 2555 2810 2618 de

357 2689 442 2738 Pe.
466 2690 580 2748 102,
587 2657 854 2735 pulvere
872 2656 1108 2738 fecisti
1144 2656 1462 2717 hominem
1481 2679 1506 2722 ;
1565 2661 1634 2716 et
1658 2655 1979 2733 perierat,
2018 2663 2084 2717 et
2120 2657 2419 2718 inventas
2456 2665 2573 2718 est.
2662 2659 2809 2719 Nec

361 2757 460 2815 143
493 2763 542 2802 et
595 2756 704 2818 ille
732 2756 800 2818 in
841 2777 910 2818 se
946 2755 1178 2838 potuit,
1209 2755 1364 2839 quia
1398 2753 1574 2818 idem
1610 2754 1825 2837 pulvis
1866 2755 2008 2834 fuit,
2052 2777 2245 2840 quem
2280 2756 2436 2820 talia
2479 2756 2809 2821 dicentem

360 2820 486 2932 ffin'
507 2820 556 2872 3,
595 2857 817 2921 afflatu
858 2866 984 2920 tuae
1022 2856 1460 2941 inspirationis
1499 2854 1827 2919 adamavi:
1881 2857 2121 2920 Omnia
2146 2879 2433 2938 possum,
2462 2859 2701 2943 inquit,
2731 2863 2809 2922 in

359 2949 576 3062 ξῖθὲὲᾶ
595 2981 665 3022 eo
707 2960 823 3043 qai
864 2979 966 3020 me
1009 2958 1350 3040 confortat.
1457 2955 1763 3020 Consorta
1811 2977 1936 3033 me,
1980 2965 2054 3020 ut
2096 2959 2359 3041 possim.
2471 2960 2582 3022 Da
2628 2961 2809 3044 quod

362 3097 384 3142 1
405 3049 517 3142 (ior.
534 3093 577 3146 1
585 3059 802 3144 jubeat,
829 3067 896 3122 et
912 3057 1074 3143 jube
1105 3057 1279 3143 quod
1308 3057 1405 3119 vis
1418 3072 1463 3118 ¹¹.
1525 3059 1661 3120 Iste
1694 3079 1763 3120 se
1792 3059 2119 3141 accepisse
2152 3059 2509 3140 confitetur,
2541 3069 2609 3124 et
2636 3062 2813 3144 quod

357 3159 442 3206 30.
464 3158 544 3205 31.
589 3163 934 3241 ylariatur,
963 3162 1036 3222 in
1065 3161 1345 3222 Domino
1369 3159 1696 3238 qloriatur
1712 3155 1763 3219 *.
1852 3158 2089 3221 Audivi
2126 3161 2325 3223 alium
2358 3170 2695 3243 rogantem
2736 3171 2812 3224 ut

360 3283 476 3332 Ecc.
496 3285 578 3342 23,
597 3263 903 3346 accipiat:
953 3263 1159 3343 Aufer
1187 3283 1231 3323 a
1259 3281 1382 3338 me,
1411 3260 1649 3344 inquit,
1680 3264 2231 3341 concupiscentias
2256 3267 2517 3328 ventris.
2609 3263 2810 3328 Unde

351 3349 410 3397 ⁶·
597 3372 882 3448 apparet,
921 3371 1142 3428 sancte
1187 3365 1370 3427 Deus
1416 3384 1622 3441 meus,
1654 3372 1717 3428 te
1763 3362 1937 3444 dare,
1978 3387 2126 3430 cum
2176 3367 2252 3430 fit
2301 3368 2478 3453 quod
2522 3371 2805 3452 imperas

597 3465 757 3527 fieri.

359 3597 504 3646 Rom.
683 3571 784 3627 46.
831 3565 1130 3628 Docuisti
1168 3587 1292 3643 me,
1331 3567 1520 3630 Pater
1546 3569 1738 3644 bone,
1772 3569 2009 3631 Omnia
2050 3571 2301 3632 manda
2336 3571 2603 3634 mandis
2621 3597 2647 3641 ;
2696 3572 2811 3634 sed

359 3663 546 3776 {4323-
593 3669 840 3730 malum
871 3687 1010 3730 esse
1037 3669 1285 3729 homini
1306 3671 1421 3751 qui
1439 3689 1566 3748 per
1584 3671 1995 3752 offensionem
2020 3673 2379 3736 mambacat
2393 3699 2418 3743 ;
2467 3681 2535 3735 et
2552 3694 2807 3736 omnem

357 3792 408 3848 4,
434 3792 481 3839 4.

659 3883 676 3916 ²
701 3887 735 3910 “
761 3880 991 3944 crapula,
1015 3879 1180 3928 Nimia
1203 3881 1414 3928 ciborum
1431 3881 1669 3993 voluptas,
1734 3883 1863 3942 pulo,
1908 3889 1961 3930 ut
2004 3899 2244 3948 nunquam
2294 3887 2517 3951 subrepat
2574 3888 2811 3937 monacho

593 3945 720 4011 apud
749 3945 800 3994 S.
820 3945 950 4006 Aug.
974 3945 1185 3994 Confess.
1203 3961 1254 3993 x.
1275 3946 1356 3994 31.
1393 3954 1442 3992 et
1472 3946 1549 3994 Αὲ
1573 3945 1668 3996 red.
1732 3947 1980 4007 indigeries
2000 3965 2013 4004 ;
2048 3949 2160 4012 quia
2182 3949 2301 3998 nihil
2332 3951 2397 3998 sic
2431 3952 2720 4000 contrarium
2740 3963 2813 4002 est

592 4011 708 4059 edit.
739 4011 800 4058 P.
833 4010 1043 4066 Gibbon,
1073 4026 1124 4074 p.
1153 4011 1268 4065 260,
1291 4018 1340 4056 et
1361 4011 1473 4057 410.
1540 4009 1667 4059 Vide
1732 4011 1860 4058 omni
1884 4010 2152 4061 Christiano
2182 4015 2415 4076 quomodo
2446 4017 2665 4081 crapula.
2689 4017 2813 4066 sicut

593 4075 839 4124 Camusat.
871 4074 919 4122 in
959 4073 1078 4122 Hist.
1109 4074 1215 4122 crit.
1253 4073 1390 4121 Diar.
1415 4082 1450 4121 t.
1473 4075 1522 4121 2.
1556 4075 1663 4122 Art.
1731 4075 1798 4122 ait
1820 4075 2055 4126 Dominus
2071 4085 2240 4132 noster,
2257 4083 2289 4105 “
2305 4079 2461 4126 videte
2480 4096 2537 4128 ne
2556 4091 2814 4144 graventur

593 4141 638 4186 4.
662 4156 709 4204 p.
731 4137 846 4187 54.”
912 4137 1136 4202 Carpent-
1169 4139 1336 4202 Suppl.
1358 4138 1492 4186 Citat
1521 4139 1663 4188 etiam
1729 4139 1871 4188 corda
1904 4151 2057 4188 vestra
2088 4141 2139 4188 in
2170 4142 2417 4207 crapulfil’
2482 4146 2624 4192 Vers.
2660 4146 2811 4194 Arab.

593 4203 776 4251 Martia
814 4203 864 4250 S.
887 4201 1134 4250 Benedicti
1187 4202 1309 4266 Reg.
1343 4217 1386 4250 0.
1425 4203 1508 4252 39.
1545 4209 1578 4232 “
1606 4203 1666 4251 de
1730 4204 1860 4265 quod
1893 4212 2029 4252 notat
2048 4205 2192 4264 idem,
2217 4205 2266 4253 in
2299 4208 2416 4255 Luc.
2438 4209 2522 4264 21,
2542 4210 2629 4258 34.
2656 4209 2814 4258 reddit

589 4282 808 4316 mensura
827 4266 1088 4324 ciborum,''
1106 4267 1163 4330 (“
1182 4264 1242 4313 de
1256 4268 1474 4315 mensura
1490 4266 1666 4332 pottis”
1730 4277 1743 4296 ⁸
1771 4267 1865 4316 cibi
1883 4271 2113 4319 satietas!

590 4331 640 4378 111
676 4348 719 4380 0.
747 4332 828 4379 40.
859 4330 1052 4379 seorsim
1084 4329 1261 4394 agitur)
1279 4331 1360 4379 ubi
1385 4337 1418 4358 “
1438 4331 1669 4396 crapula'’
1798 4337 1822 4364 ⁸¹
1843 4333 1977 4383 Deus
2006 4333 2149 4396 igitur
2182 4335 2487 4400 impossibilia.
2519 4352 2618 4384 non
2652 4338 2813 4401 jubet,

593 4395 654 4444 de
676 4395 783 4444 cibo
802 4393 948 4442 nimio
970 4393 1199 4458 capiendo
1221 4402 1470 4459 usurpatur
1483 4403 1516 4424 “
1538 4396 1666 4460 quod
1734 4395 1817 4444 sed
1837 4395 2047 4460 jubendo
2068 4408 2227 4448 monet
2246 4408 2295 4448 et
2314 4401 2467 4449 facere
2488 4402 2617 4465 quod
2644 4403 2811 4466 possis,

594 4459 634 4506 si
653 4459 788 4507 labor
807 4458 926 4506 forte
949 4459 1100 4506 factus
1120 4459 1260 4506 fuerit
1283 4459 1448 4522 major,
1473 4459 1520 4507 111
1541 4460 1668 4508 arbi·
1730 4470 1781 4507 et
1800 4469 1957 4525 petere
1978 4463 2107 4526 quod
2130 4479 2223 4513 non
2244 4466 2407 4530 possis.
2448 4465 2579 4514 Aue».
2602 4467 2665 4514 de
2694 4469 2811 4515 Nat.

594 4521 685 4569 trio
702 4531 752 4570 et
771 4529 998 4587 potestate
1021 4523 1221 4570 Abbatis
1242 4527 1344 4578 erit,
1366 4523 1404 4570 si
1427 4524 1667 4588 expediat,
1735 4532 1781 4572 et
1805 4525 1941 4574 Grai.
1963 4542 2007 4575 c.
2031 4529 2110 4577 43.
2530 4507 2559 4530 Β

597 4585 779 4648 aliquid
805 4600 994 4647 augere,
1014 4595 1192 4634 remota
1212 4600 1312 4650 prae
1335 4587 1551 4636 omnibus
1570 4605 1671 4636 cra-
