3042 5059
609 392 692 451 88
1175 388 1240 452 S.
1273 389 1791 453 AUGUSTINI
1836 386 2257 451 EPISCOPI

608 564 806 606 manu
833 543 1170 608 mitissima
1198 553 1263 610 et
1290 543 1879 609 misericordissima
1915 550 2310 626 pertractans
2338 549 2403 606 et
2430 559 2831 623 componens

611 665 724 709 cor
765 666 1001 723 meum,
1048 646 1477 709 consideranti
1530 666 1725 728 quam
1770 642 2265 707 innumerabilia
2311 641 2634 706 crederem
2682 662 2829 724 quae

611 766 744 808 non
786 746 1066 809 viderem
1077 744 1129 823 ⁴⁵,
1172 769 1383 830 neque
1429 768 1577 810 cum
1624 755 1988 826 gererentur
2032 744 2421 819 adfuissem3
2484 743 2654 805 sicut
2696 749 2829 805 tam

613 850 818 911 multa
845 848 914 909 in
941 848 1206 912 historia
1235 848 1519 930 gentium
1530 852 1575 924 ⁸,
1604 857 1735 911 tam
1764 848 1965 910 multa
2002 846 2083 908 de
2120 845 2283 909 locis
2326 852 2518 927 atque
2558 842 2830 905 urbibus

617 970 761 1031 quae
789 969 920 1010 non
954 949 1251 1027 videram,
1281 957 1414 1012 tam
1449 950 1653 1011 multa
1690 946 1937 1022 amiciS,
1967 954 2099 1009 tam
2137 945 2339 1008 multa
2370 944 2665 1020 mediciS‚
2697 951 2828 1005 tam

613 1050 818 1112 multa
834 1049 1202 1113 hominibus
1225 1050 1368 1113 aliis
1386 1057 1579 1133 atque
1598 1049 1741 1112 aliis
1752 1071 1771 1125 ;
1809 1070 1953 1132 quae
1974 1047 2101 1109 nisi
2119 1045 2541 1121 crederentur,
2562 1044 2827 1107 omnino

616 1151 686 1212 in
705 1152 829 1214 hac
850 1151 984 1214 vita
1004 1151 1170 1213 nihil
1191 1172 1521 1231 ageremus
1536 1150 1593 1227 '¹3
1637 1159 1979 1233 postremo,
2002 1171 2195 1233 quam
2216 1148 2601 1213 inconcusse
2616 1148 2827 1210 fixum

619 1364 758 1411 fidem
795 1380 946 1413 meam
971 1364 1259 1413 labefactare
1283 1363 1483 1419 conaris,
1508 1368 1683 1411 certam

617 1430 858 1477 scientiam
895 1429 1044 1484 trade,
1078 1430 1116 1477 si
1157 1438 1315 1493 potes;
1365 1436 1420 1475 ut
1455 1429 1518 1484 id,
1558 1428 1685 1485 quod

618 1494 814 1553 credidi,
839 1502 1012 1542 temere
1039 1509 1114 1541 me
1137 1492 1384 1541 credidisse
1411 1491 1681 1541 convincas.

619 1558 732 1605 Duo
754 1566 863 1606 sunt
885 1574 993 1621 quae
1017 1558 1130 1605 mibi
1149 1557 1355 1623 profers3
1388 1572 1554 1615 unum,
1574 1572 1682 1603 cum

617 1621 736 1670 dicis
763 1620 985 1687 Spiritum
1005 1623 1226 1670 Sanctum
1245 1637 1344 1670 esse
1360 1622 1441 1686 qui
1459 1622 1681 1685 loquitur,

615 1695 664 1734 et
683 1686 900 1743 alterum,
924 1703 1029 1735 cum
1055 1687 1172 1736 dicis
1192 1686 1436 1735 manifesta
1456 1701 1555 1735 esse
1576 1700 1682 1750 quae

617 1750 842 1814 loquitur.
901 1752 993 1799 Sed
1012 1760 1059 1798 tu
1089 1767 1173 1799 nec
1209 1750 1295 1798 hoc
1331 1766 1416 1799 nec
1449 1750 1569 1798 illud
1602 1765 1683 1798 va-

618 1813 688 1863 les
709 1814 966 1864 ostendere.
1038 1815 1173 1863 Nihil
1209 1814 1340 1863 aliud
1372 1814 1552 1878 elegisti
1596 1814 1680 1861 nisi

617 1878 812 1929 laudare
853 1895 962 1943 qum
1004 1880 1170 1935 credis,
1213 1888 1263 1927 et
1319 1878 1504 1927 irridere
1558 1880 1684 1943 quod

618 1944 771 1991 credo.
838 1944 963 1991 Cum
999 1944 1138 2006 igitur
1175 1958 1261 2007 ego
1290 1942 1484 1991 vicissim
1516 1943 1683 1991 lauda-

617 2022 726 2056 vero
749 2008 874 2071 quod
899 2009 1054 2063 credo,
1076 2017 1124 2056 et
1144 2009 1270 2070 quod
1304 2007 1454 2056 credis
1485 2008 1683 2064 irrisero,

619 2071 732 2133 quid
756 2080 890 2135 putas
906 2073 1038 2121 nobis
1055 2088 1153 2121 esse
1169 2072 1501 2136 judicandum,
1513 2073 1685 2137 quidve

618 2134 904 2194 faciendum,
925 2136 1013 2185 nisi
1044 2145 1097 2185 ut
1128 2153 1206 2185 eos
1241 2137 1575 2201 relinquamus,
1599 2138 1693 2202 qui'

618 2215 704 2248 nos
739 2200 936 2249 invitant
968 2210 1094 2251 certa
1121 2216 1416 2266 cognoscere,
1441 2212 1490 2251 et
1525 2212 1683 2266 postea

618 2265 853 2329 imperant
896 2274 948 2315 ut
988 2267 1168 2315 incerta
1205 2267 1470 2323 credamus,
1512 2275 1561 2315 et
1604 2282 1684 2314 eos

619 2344 888 2394 sequamur,
910 2331 990 2396 qui
1013 2348 1096 2380 nos
1116 2331 1318 2380 invitant
1341 2331 1466 2395 prius
1495 2332 1683 2380 credere

685 2395 746 2442 od
786 2397 994 2444 nondum
1033 2396 1243 2444 valemus
1276 2396 1462 2450 intueri,
1495 2404 1550 2443 ut
1579 2395 1683 2459 ipsa

653 2459 711 2507 de
744 2460 1018 2509 valentiores
1043 2460 1152 2508 sacti
1184 2462 1310 2525 quod
1345 2460 1580 2508 credimus
1612 2460 1681 2508 in·

618 2522 829 2587 telligere
851 2540 1126 2582 mereamur,
1149 2540 1242 2572 non
1269 2525 1370 2589 jam
1400 2523 1683 2581 hominibus,

617 2587 700 2636 sed
723 2590 824 2653 ipso
845 2590 950 2637 Deo
973 2590 1245 2637 intrinsecus
1263 2597 1461 2637 mentem
1481 2597 1685 2637 nostram

616 2651 911 2702 illuminante
932 2664 1073 2719 atque
1090 2655 1334 2702 firmante‘!
1383 2655 1444 2701 Et
1458 2652 1679 2717 quoniam

617 2718 809 2781 quesivi
843 2720 966 2767 uude
1003 2718 1115 2765 mihi
1148 2720 1328 2783 probet,
1361 2733 1487 2766 nunc
1521 2732 1681 2781 quaero

617 2783 744 2830 unde
762 2782 862 2847 ipse
885 2782 1163 2846 cognoverit.
1227 2782 1278 2830 Si
1301 2783 1411 2830 dicit
1433 2783 1520 2830 sibi
1550 2798 1680 2831 reve·

615 2845 764 2894 latum
787 2861 817 2894 a
837 2848 1006 2912 Spiritu
1031 2849 1220 2901 Sancto,
1233 2863 1459 2912 suamque
1476 2855 1681 2894 mentem

616 2910 836 2959 divinitus
877 2912 1176 2966 illustratam,
1220 2920 1272 2959 ut
1315 2928 1372 2961 ea
1414 2927 1520 2975 quae
1564 2911 1680 2959 dicit

616 2984 744 3023 certa
773 2984 819 3023 et
852 2977 1097 3025 manifesta
1123 2984 1436 3040 cognosceret,
1460 2977 1559 3041 ipse
1588 2976 1680 3039 sig-

615 3039 779 3090 nificat
816 3042 929 3105 quid
967 3041 1140 3090 intersit
1171 3041 1287 3089 inter
1319 3056 1598 3105 cognoscere
1635 3049 1683 3088 et

614 3105 821 3154 credere.
886 3108 994 3172 Ipse
1017 3106 1141 3155 enim
1177 3106 1425 3169 cognoscit,
1447 3105 1526 3154 cui
1546 3120 1677 3169 aper·

615 3168 786 3219 tissime
802 3170 892 3218 ista
905 3180 1215 3219 monstrantur
1230 3188 1242 3226 ;
1260 3171 1327 3218 eis
1341 3179 1496 3219 autem
1509 3170 1683 3234 quibus

616 3232 722 3281 haec
767 3244 940 3292 narrat,
974 3252 1068 3283 non
1108 3233 1421 3297 coguitionem
1457 3235 1682 3287 insinuat,

615 3299 698 3345 sed
735 3298 1053 3347 credulitatem
1093 3300 1270 3346 suadet.
1337 3297 1430 3347 Cui
1469 3299 1681 3361 quisquis

615 3369 789 3411 temere
819 3363 1114 3414 consenserit,
1138 3363 1434 3410 Manichaeus
1466 3363 1679 3421 efficitur,

616 3440 713 3479 non
748 3436 873 3474 certa
905 3426 1228 3490 cognoscendo
1261 3429 1342 3475 sed
1368 3426 1546 3476 incerta
1578 3442 1679 3475 cre-

615 3490 798 3550 dendo3
837 3491 999 3554 quales
1030 3507 1114 3539 nos
1147 3491 1380 3555 imperitos
1412 3492 1681 3541 adolescen-

615 3554 740 3603 tulos
778 3554 1029 3618 aliquando
1071 3557 1271 3621 decepit.
1352 3557 1528 3604 Debuit
1570 3572 1681 3619 ergo

616 3634 713 3666 non
758 3620 902 3677 ‚nobis
955 3620 1164 3685 polliceri
1216 3620 1470 3677 scientiam,
1528 3636 1681 3685 neque

615 3683 908 3732 manifestam
961 3685 1284 3749 cognitionem,
1329 3700 1479 3748 neque
1526 3686 1587 3732 ad
1634 3685 1680 3733 id

615 3750 742 3811 quod
766 3748 988 3811 quaeritur
1009 3751 1108 3797 sine
1129 3750 1229 3796 ulla
1250 3749 1550 3813 ambiguitate
1572 3764 1677 3813 per-

615 3813 992 3869 ventionem,·sed
1013 3815 1168 3861 dicere
1193 3813 1342 3877 potius
1364 3814 1451 3861 sibi
1472 3814 1559 3861 ista
1578 3829 1677 3861 esse

614 3886 884 3930 monstrata,
907 3878 1014 3925 illos
1045 3886 1197 3926 autem
1229 3877 1399 3941 quibus
1428 3886 1677 3926 narrantur

615 3942 802 3991 credere
823 3942 913 3991 sibi
937 3944 1105 3991 debere
1136 3958 1242 4005 quae
1279 3942 1508 3990 nesciunt.
1582 3942 1675 3991 Sed

613 4005 652 4053 si
685 4006 772 4055 boc
797 4007 989 4061 diceret,
1019 4008 1126 4071 quis
1163 4022 1256 4054 non
1288 4008 1332 4054 ei
1362 4008 1675 4072 responderet.

613 4074 648 4098 ‘⁶
679 4071 730 4118 Si
749 4087 859 4135 ergo
887 4071 1122 4137 incognita
1159 4070 1415 4120 crediturus
1447 4088 1569 4129 sum,
1592 4088 1676 4119 cur

613 4150 708 4183 non
745 4150 804 4183 ea
841 4136 994 4201 potius
1029 4138 1237 4192 credam,
1276 4150 1383 4199 quae
1422 4136 1526 4201 jam
1562 4152 1675 4184 con-

611 4198 822 4248 sensione
853 4202 1093 4248 doctorum
1134 4200 1516 4264 indoctorumque
1550 4201 1672 4249 cele·

610 4264 820 4318 brantur,
833 4275 880 4313 et
897 4281 978 4329 per
999 4280 1160 4313 omnes
1183 4265 1381 4328 populos
1402 4264 1673 4327 gravissima

609 4329 882 4377 auctoritate
905 4330 1088 4377 firmata
1117 4330 1290 4377 sunt’''l
1351 4328 1453 4376 Hoc
1471 4329 1554 4377 ille
1577 4344 1674 4377 me-

608 4399 744 4440 tuens
777 4410 835 4441 ne
871 4393 960 4442 sibi
983 4393 1231 4448 diceretur,
1260 4392 1458 4449 offundit
1479 4392 1677 4441 nebulas

608 4455 846 4520 imperitis,
861 4458 1007 4523 primo
1028 4457 1255 4523 pollicens
1277 4473 1426 4517 rerum
1445 4466 1676 4505 certarum

609 4520 936 4589 cognitionem,
957 4531 1006 4571 et
1027 4532 1186 4587 postea
1213 4522 1495 4576 incertarum
1530 4521 1677 4587 impe-

1748 1375 1857 1409 rans
1878 1362 2035 1410 fidem.
2102 1362 2196 1411 Cui
2234 1370 2394 1409 tamen
2426 1360 2466 1409 si
2495 1360 2585 1409 hoc
2620 1360 2827 1417 dicatur,

1748 1434 1803 1474 ut
1820 1426 1985 1473 saltem
2010 1426 2083 1474 vel
2106 1426 2194 1474 sibi
2217 1425 2321 1473 haec
2354 1427 2521 1473 doceat
2553 1440 2653 1473 esse
2688 1440 2825 1471 mon-

1746 1497 1909 1547 strata,
1930 1490 2139 1539 similiter
2158 1490 2334 1545 deficit,
2356 1498 2405 1537 et
2423 1488 2514 1537 hoc
2545 1504 2739 1553 quoque
2774 1498 2825 1536 ut

1748 1555 1995 1602 credamus
2023 1555 2175 1617 jubet.
2242 1554 2371 1619 Aug.
2400 1570 2445 1601 c.
2472 1555 2563 1618 Ep.
2596 1552 2825 1601 Manich.

1749 1635 1795 1667 c.
1835 1620 1913 1665 14.
1986 1618 2035 1667 Si
2067 1635 2176 1683 ergo
2208 1618 2269 1666 ad
2311 1618 2456 1665 millia
2494 1618 2822 1666 fabulosorum

1749 1683 2145 1748 phantasmatum.
2166 1693 2213 1731 te
2234 1682 2501 1731 auctoritati
2523 1682 2824 1746 ignotissimae

1747 1757 1796 1796 et
1841 1748 2146 1796 furiosissimae
2187 1746 2447 1803 subdidisti,
2485 1756 2537 1795 ut
2570 1748 2677 1795 ideo
2716 1746 2824 1795 haec

1747 1812 1907 1861 omnia
1942 1814 2167 1867 crederes,
2198 1812 2310 1877 quia
2340 1813 2388 1859 in
2424 1810 2517 1859 illis
2556 1810 2820 1875 conscripta

1748 1885 1860 1925 sunt
1881 1878 2026 1931 libris,
2047 1878 2219 1941 quibus
2248 1876 2499 1925 miserabili
2533 1892 2688 1925 errore
2718 1891 2821 1923 cre-

1749 1941 1955 1991 dendum
2000 1957 2099 1990 esse
2132 1941 2363 1998 censuisti,
2400 1957 2509 1989 cum
2552 1940 2641 1988 tibi
2686 1939 2823 1989 nulla

1750 2007 2149 2063 demonstrentur;
2183 2022 2268 2053 cur
2290 2020 2384 2053 non
2413 2005 2567 2070 potius
2602 2006 2820 2069 Evange-

1751 2071 1855 2119 licae
1878 2070 2157 2126 auctoritati,
2180 2079 2276 2117 tam
2300 2069 2523 2124 fundatae,
2546 2078 2643 2117 tam
2673 2069 2820 2117 stabi·

1747 2135 1865 2191 litae,
1902 2144 2031 2183 tanta
2070 2135 2215 2199 gloria
2256 2134 2524 2189 diffamatae,
2565 2141 2710 2197 atque
2757 2135 2818 2182 ab

1747 2199 2079 2265 Apostolorum
2100 2199 2387 2263 temporibus
2406 2214 2555 2263 usque
2576 2199 2639 2245 ad
2661 2206 2820 2246 nostra

1747 2273 1955 2329 tempora
1972 2280 2051 2329 per
2062 2263 2373 2313 successiones
2393 2262 2672 2311 certissimas
2690 2278 2820 2309 com-

1750 2330 1998 2385 mendatae,
2034 2344 2127 2376 non
2155 2338 2205 2377 te
2240 2328 2419 2383 subdis,
2455 2336 2509 2375 ut
2548 2328 2731 2380 credas,
2768 2335 2821 2376 ut

1745 2394 1919 2450 videas,
1942 2403 1996 2442 ut
2014 2394 2167 2441 discas
2188 2393 2329 2441 etiam
2354 2392 2512 2441 omnia
2534 2391 2617 2439 illa
2639 2407 2750 2455 quae
2771 2397 2817 2441 te

1747 2458 2003 2516 offendunt,
2032 2474 2093 2506 ex
2124 2473 2246 2506 vana
2274 2465 2322 2505 et
2348 2471 2561 2522 perversa
2597 2456 2818 2521 opinione

1748 2530 1793 2571 te
1816 2523 2083 2571 offendere!
2138 2524 2265 2586 Aug.
2289 2538 2333 2569 c.
2362 2524 2514 2570 Faust.
2540 2522 2691 2569 xxxii.
2723 2523 2801 2569 19.

1812 2593 1839 2630 ss
1875 2588 2198 2650 Consequetur
2218 2588 2424 2634 omnium
2447 2586 2673 2633 librorum
2688 2601 2818 2634 sum-

1744 2666 1823 2698 ma
1857 2652 2101 2716 perversio,
2132 2660 2180 2699 et
2212 2650 2439 2705 omnium,
2460 2651 2543 2715 qui
2578 2650 2816 2698 memorias

1743 2718 1952 2764 mandati
1984 2724 2110 2771 sunt,
2131 2716 2351 2763 librorum
2384 2715 2590 2773 abolitio,
2614 2715 2657 2762 si
2688 2716 2818 2778 quod

1745 2789 1875 2828 tanta
1928 2781 2175 2846 opulorum
2200 2780 2417 2844 religione
2442 2780 2711 2828 roboratum
2726 2790 2815 2837 est,

1746 2854 1878 2893 tanta
1933 2845 2142 2893 ominum
2164 2853 2212 2893 et
2232 2853 2490 2907 temporum
2510 2844 2817 2893 consensione

1745 2910 1993 2964 firmatum,
2020 2910 2067 2957 in
2096 2910 2221 2957 hanc
2258 2908 2593 2957 dubitationem
2627 2909 2818 2957 induci-

1746 2982 1838 3033 tur,
1860 2982 1913 3023 ut
1936 2991 1993 3022 ne
2014 2973 2212 3021 historiae
2234 2973 2420 3037 quidem
2442 2973 2651 3037 vulgaris
2672 2974 2819 3023 fidem

1808 3038 1887 3087 ssit
1914 3038 2283 3103 gravitatemque
2308 3036 2533 3085 obtinere.
2584 3038 2661 3084 De
2696 3054 2817 3088 mor.

1746 3056 1880 3151 ἔξω.
1918 3104 2059 3152 cath.
2093 3119 2139 3151 c.
2170 3104 2251 3151 29.
2285 3104 2327 3164 §.
2362 3103 2441 3149 60.
2474 3101 2537 3149 cf.
2571 3116 2616 3149 c.
2651 3102 2815 3151 Faust.

1746 3168 1890 3217 xxxii.
1906 3170 1986 3217 21.
2006 3177 2054 3217 et
2071 3167 2283 3232 pluribus
2299 3166 2459 3215 xxxiii.
2471 3182 2515 3214 c.
2528 3168 2578 3213 6.
2602 3167 2731 3228 quod
2748 3166 2820 3215 his

1747 3233 1924 3281 claudit
1946 3240 1979 3261 ‘⁸
2004 3249 2112 3297 quae
2136 3248 2241 3280 cum
2264 3232 2331 3279 ita
2353 3231 2461 3288 sint,
2484 3230 2591 3295 quis
2620 3232 2816 3279 tandem

1743 3304 1874 3345 tanto
1925 3298 2079 3345 furore
2133 3295 2485 3359 caecatur—-qui
2536 3296 2665 3343 dicat
2720 3295 2814 3344 hoc

1746 3362 1909 3409 mereri
1930 3378 2022 3409 non
2049 3361 2251 3425 potuisse
2277 3360 2607 3424 Apostolorum
2643 3360 2818 3407 Eccle-

1744 3425 1987 3481 siam,tam
2006 3428 2274 3483 fidam,tam
2300 3439 2594 3474 numerosam
2618 3422 2817 3471 fratrum

1746 3491 2059 3548 concordiam,
2082 3501 2134 3538 ut
2154 3506 2314 3539 eorum
2336 3488 2509 3553 scripta
2532 3488 2733 3536 fideliter
2752 3490 2817 3537 ad

1745 3564 1949 3619 posteros
1964 3556 2243 3619 trajicerent,
2259 3571 2365 3603 cum
2382 3570 2544 3603 eorum
2565 3553 2818 3602 cathedras

1744 3635 1893 3681 usque
1914 3622 1975 3667 ad
1998 3628 2247 3684 praesentes
2274 3620 2531 3683 Episcopus
2552 3617 2814 3666 certissima

1745 3685 2037 3732 successione
2077 3684 2373 3740 servaverint,
2408 3699 2516 3731 cum
2557 3682 2647 3729 hoc
2695 3697 2819 3746 qua-

1741 3747 2047 3812 liumcunque
2068 3748 2305 3795 bominum
2329 3748 2525 3811 scriptis,
2548 3747 2646 3795 sive
2676 3755 2817 3794 extra

1744 3813 2022 3867 Ecclesiam,
2061 3813 2157 3860 sive
2192 3813 2241 3859 in
2272 3813 2373 3877 ipsa
2410 3811 2642 3869 Ecclesia,
2676 3820 2816 3860 tanta

1739 3876 1962 3925 facilitate
1980 3876 2281 3942 proveniat'’'!

1808 3942 1832 3979 h
1872 3942 1923 3990 Si
1942 3942 2179 3990 auferatur
2208 3940 2311 3989 haec
2344 3940 2456 3988 fides
2476 3940 2535 3987 de
2559 3940 2699 3987 rebus
2720 3939 2816 3987 hu-

1739 4007 1905 4065 manis,
1942 4007 2045 4070 quis
2068 4022 2161 4053 non
2183 4006 2408 4053 adtendat
2432 4012 2613 4068 quauta
2644 4018 2815 4051 earum

1739 4072 2040 4135 perturbatio,
2075 4079 2123 4118 et
2155 4084 2297 4134 quam
2332 4068 2563 4117 horrenda
2597 4066 2815 4115 confusio

1738 4137 2080 4200 subsequatur?
2137 4134 2259 4192 Quis
2278 4134 2403 4182 enim
2430 4142 2594 4181 mutua
2618 4132 2815 4181 caritate

1737 4200 1955 4265 diligetur
1998 4201 2059 4247 ab
2100 4199 2276 4263 aliquo,
2316 4213 2425 4247 cum
2470 4197 2528 4245 sit
2567 4196 2815 4245 invisibilis

1736 4264 1839 4329 ipsa
1858 4265 2063 4318 dilectio,
2086 4266 2144 4318 si,
2168 4265 2297 4327 quod
2328 4278 2420 4310 non
2443 4262 2593 4315 video,
2618 4262 2813 4311 credere

1738 4344 1833 4376 non
1871 4330 2052 4377 debeo?
2136 4328 2186 4375 Si
2226 4344 2335 4392 ergo
2376 4343 2471 4375 non
2510 4325 2816 4375 credentibus

1740 4392 1877 4441 nobis
1914 4409 2021 4458 quae
2064 4391 2217 4441 videre
2265 4409 2358 4440 non
2401 4407 2667 4457 possumus.
2709 4390 2814 4455 ipsa

1740 4456 1948 4505 humana
2001 4458 2210 4512 societas,
2266 4455 2517 4505 concordia
2566 4464 2814 4520 pereunte,

1742 4538 1836 4571 non
1848 4521 1986 4571 stabit
1996 4538 2013 4582 3
2046 4531 2221 4585 quanto
2238 4522 2385 4587 magis
2406 4529 2475 4571 est
2494 4521 2628 4578 fides,
2644 4534 2814 4585 quam-
