3042 5059
709 360 831 420 192
1261 355 1328 418 S.
1359 353 1877 420 AUGUSTINI
1924 353 2343 420 EPISCOPI

701 517 770 572 et
801 509 943 572 istae
979 506 1362 593 plangendae
1400 510 1703 586 tenebrae,
1732 509 1801 572 in
1842 507 2079 593 quibus
2114 529 2217 572 me
2254 509 2410 570 latet
2446 507 2723 571 facultas
2744 519 2920 568 ‘mea

703 630 848 694 quae
901 609 972 672 in
1019 629 1122 672 me
1171 615 1299 672 est:
1345 619 1418 671 ut
1473 608 1729 672 animus
1784 629 1967 672 meus
2022 607 2104 672 de
2154 607 2394 670 viribus
2442 607 2579 670 suis
2638 607 2789 689 ipse
2853 627 2922 667 se

700 709 1100 792 interrogans
1117 729 1254 772 non
1280 707 1468 772 facile
1498 707 1626 771 sibi
1653 707 2043 772 credendum
2061 707 2415 784 existimet3
2460 707 2618 790 quia.
2644 715 2715 768 et
2738 706 2923 790 quod

699 809 890 888 inest,
917 811 1296 893 plerumque
1323 809 1649 872 occultum
1676 815 1795 884 est,
1822 807 1951 870 nisi
1986 806 2385 890 experientia
2410 807 2919 870 manifestenm.

465 911 796 979 Job7.1.Et
839 930 1031 974 nemo
1075 929 1336 972 securus
1379 928 1518 970 esse
1562 906 1755 970 debet
1794 907 1865 969 in
1900 908 2029 972 ista
2068 908 2222 985 vita,
2264 928 2407 990 quae
2452 914 2591 970 tota
2636 909 2921 970 tentatio

703 1012 1088 1088 nominatur,
1114 1018 1328 1074 utrum
1357 1010 1472 1094 qui
1500 1009 1641 1074 fieri
1666 1011 1880 1092 potuit
1906 1031 1993 1074 ex
2020 1009 2329 1072 deteriore
2356 1009 2603 1086 melior,
2630 1031 2767 1072 non
2796 1008 2921 1071 fiat

706 1112 899 1176 etiam
938 1131 1024 1174 ex
1063 1110 1324 1172 meliore
1363 1108 1655 1174 deterior.
1745 1111 1899 1174 Una
1925 1131 2097 1194 spes,
2125 1131 2256 1174 una
2284 1109 2543 1187 fiducia,
2562 1131 2699 1172 una
2724 1109 2920 1172 firma

709 1211 1074 1295 promissi0,
1101 1208 1541 1272 misericordia
1563 1217 1695 1272 tua.

468 1333 696 1382 χχχιιι
801 1316 904 1374 49.
949 1311 1332 1392 Voluptates
1359 1309 1608 1372 aurium
1636 1309 1927 1373 tenacius
1955 1331 2059 1374 me
2079 1310 2567 1393 implicaverant
2590 1318 2660 1373 et
2688 1308 2915 1394 subju·

469 1394 638 1520 {2312
639 1457 672 1506 d
715 1392 1043 1495 gaverant3
1088 1410 1203 1475 sed
1237 1411 1575 1487 resolvisti,
1605 1418 1672 1473 et
1706 1411 1991 1474 liberasti
2019 1432 2141 1474 me.
2230 1414 2425 1475 Nunc
2452 1412 2523 1474 in
2544 1411 2724 1474 sonis
2747 1431 2915 1494 quos

471 1522 637 1588 volup-
709 1514 997 1577 animant
1033 1511 1290 1595 eloquia
1325 1519 1457 1587 tua,
1486 1532 1637 1574 cum
1667 1511 1847 1574 suavi
1876 1521 1943 1575 et
1976 1511 2321 1576 artificiosa
2355 1533 2513 1576 voce
2542 1518 2915 1586 cantantur,

471 1595 674 1699 2:31„
707 1614 929 1690 fateor,
959 1611 1424 1696 aliquantulum
1463 1609 1839 1695 acquiesc03
1882 1632 2015 1674 non
2057 1611 2318 1696 quidem
2353 1620 2427 1675 ut
2460 1613 2765 1689 haeream,
2798 1610 2916 1673 sed

705 1723 780 1778 ut
818 1733 1076 1796 surgam
1120 1732 1269 1775 cum
1308 1712 1473 1773 vole.
1563 1713 1865 1774 Attamen
1906 1733 2057 1776 cum
2091 1712 2254 1795 ipsis
2292 1713 2629 1776 sententiis
2667 1713 2913 1794 quibus

705 1815 953 1890 vivunt,
967 1819 1044 1875 ut
1059 1811 1475 1876 admittantur
1493 1810 1581 1874 ad
1599 1832 1722 1888 me,
1744 1820 2040 1895 quaerunt
2064 1812 2135 1874 in
2157 1811 2349 1876 corde
2366 1833 2515 1875 meo
2534 1813 2915 1874 nonnullius

707 1913 1042 1994 dignitatis
1069 1913 1309 1989 locum,
1332 1920 1397 1975 et
1420 1911 1539 1973 vix
1564 1910 1662 1975 eis
1686 1913 1942 1995 praebeo
1974 1920 2449 1993 congruentem.
2538 1911 2913 1996 Aliquando
3014 1953 3016 1960 ·

709 2012 882 2076 enim
909 2012 1058 2095 plus
1084 2010 1245 2073 mihi
1283 2010 1503 2073 videor
1537 2009 1799 2074 honoris
1836 2012 1931 2074 eis
1970 2011 2241 2076 tribuere
2280 2033 2476 2096 quam
2516 2012 2726 2088 decet,
2758 2011 2913 2074 dum

707 2113 873 2197 ipsis
941 2113 1180 2177 sanctis
1237 2112 1432 2176 dictis
1486 2113 1849 2194 religiosius
1906 2124 1971 2179 et
2024 2114 2348 2180 ardentius
2404 2115 2613 2178 sentio
2668 2109 2914 2176 moveri

710 2213 958 2278 animos
987 2222 1238 2277 nostros
1265 2213 1336 2275 in
1364 2214 1686 2277 flammam
1713 2214 1995 2297 pietatis,
2025 2237 2173 2279 eum
2200 2217 2292 2280 ita
2328 2223 2687 2291 cantantur,
2716 2235 2912 2298 quam

709 2314 768 2378 si
819 2335 952 2376 non
1009 2313 1102 2376 ita.
1149 2320 1590 2390 cantarentur3
1658 2322 1724 2377 et
1781 2337 2003 2378 omnes
2060 2317 2327 2380 affectus
2386 2315 2653 2399 spiritus
2707 2313 2913 2376 nostri

707 2436 828 2498 pro
873 2414 1053 2478 suavi
1082 2412 1447 2476 diversitate
1460 2410 1490 2440 ⁸
1536 2414 1769 2477 habere
1798 2415 2091 2498 proprios
2132 2414 2360 2479 modos
2401 2415 2471 2476 in
2510 2435 2671 2478 voce
2715 2421 2911 2496 atque

709 2522 925 2592 cantu,
975 2534 1250 2598 quorum
1298 2513 1520 2578 nescio
1570 2534 1703 2597 qua.
1750 2516 2005 2578 occulta
2052 2514 2477 2578 familiaritate
2528 2513 2912 2577 excitentur.

709 2615 842 2679 Sed
899 2615 1240 2678 delectatio
1301 2614 1510 2678 carnis
1567 2635 1751 2691 meae,
1800 2615 1907 2677 cui
1962 2623 2261 2700 mentem,
2298 2615 2723 2678 enervandam
2778 2635 2912 2676 non

709 2723 964 2799 oportet
1006 2714 1165 2793 dari,
1210 2736 1384 2798 saepe
1434 2736 1537 2778 me
1586 2713 1772 2791 fallit,
1816 2714 1972 2779 dum
2012 2716 2320 2779 rationem
2370 2737 2599 2779 sensus
2637 2736 2777 2778 non
2830 2715 2917 2778 ita

709 2815 1048 2880 comitatur
1073 2822 1147 2877 ut
1181 2815 1498 2898 patienter
1534 2815 1619 2878 sit
1654 2816 1998 2897 posterior3
2042 2815 2158 2878 sed
2186 2824 2433 2879 tantum
2470 2816 2627 2899 quia
2652 2825 2918 2898 propter

708 2915 888 2979 illam
933 2915 1168 2978 meruit
1213 2914 1486 2993 admitti,
1532 2915 1725 2977 etiam
1775 2936 2155 2999 praecurrere
2207 2937 2283 2979 ac
2334 2915 2567 2979 ducere
2622 2923 2913 2978 conatur.

711 3016 814 3080 Ita.
837 3015 909 3078 in
933 3015 1039 3079 his
1065 3035 1268 3099 pecco
1293 3035 1426 3077 non
1455 3014 1759 3091 sentienS,
1786 3023 1853 3078 et
1878 3023 2107 3098 postea
2136 3015 2360 3079 sentiO.

795 3121 900 3179 50.
944 3114 1312 3200 Aliquando
1357 3123 1574 3178 autem
1608 3114 1779 3179 hanc
1818 3115 2029 3198 ipsam
2071 3116 2389 3179 fallaciam
2430 3115 2917 3178 immoderatius

709 3237 965 3294 cavens,
993 3236 1129 3280 erro
1173 3215 1374 3279 nimia
1415 3214 1777 3280 severitate:
1824 3215 1940 3279 sed
1981 3215 2169 3280 valde
2213 3215 2552 3293 interdum,
2591 3226 2667 3280 ut
2708 3217 2916 3279 melos

710 3336 897 3379 omne
955 3317 1416 3380 cantilenarum
1466 3314 1758 3378 suavium
1806 3315 2043 3398 quibus
2100 3315 2490 3378 Davidicum
2528 3316 2916 3380 Psalterium
3013 3313 3014 3342 ³

708 3415 1163 3500 frequentatur,
1209 3417 1289 3478 ab
1335 3415 1599 3479 auribus
1643 3415 1803 3477 meis
1846 3414 2155 3478 removeri
2196 3416 2409 3493 velim,
2452 3423 2645 3500 atque
2705 3417 2917 3500 ipsius
3013 3443 3014 3472 ι

708 3515 1057 3592 Ecclesiae3
1103 3514 1429 3598 tutiusque
1458 3514 1620 3577 mihi
1650 3514 1901 3578 videtur
1929 3514 2104 3599 quod
2146 3515 2227 3579 de
2262 3516 2705 3580 Alexandrino
2742 3517 2915 3600 epis·

710 3633 876 3695 copo
917 3614 1274 3677 Athanasio
1305 3635 1477 3697 saepe
1506 3614 1669 3676 mihi
1697 3613 1941 3678 dictum
1984 3615 2414 3693 commemini,
2446 3617 2558 3700 qui
2601 3626 2735 3681 tam
2774 3639 2913 3680 mo-

709 3711 858 3776 dico
886 3713 1064 3775 flexu
1093 3713 1271 3776 vocis
1312 3713 1587 3777 faciebat
1630 3735 1853 3778 sonare
1893 3715 2196 3779 lectorem
2236 3717 2491 3800 psalmi,
2519 3724 2594 3779 ut
2628 3738 2913 3800 pronun-

711 3811 896 3876 tianti
923 3812 1192 3876 vicinior
1233 3822 1403 3876 esset
1435 3835 1630 3897 quam
1674 3815 1947 3878 canenti.
2035 3817 2509 3895 Verumtamen,
2540 3839 2691 3880 cum
2725 3818 2913 3882 remi-

706 3915 926 3979 niscor
965 3918 1282 4000 lacrymas
1319 3937 1517 3994 meas»,
1556 3937 1717 4000 quas
1750 3916 1889 3980 fudi
1926 3917 2010 3981 ad
2054 3927 2281 3982 cantus
2322 3920 2641 3984 Ecclesiae
2675 3929 2809 3985 tuae
2845 3921 2915 3984 in

706 4016 1070 4100 primordiis
1096 4024 1487 4100 recuperatae
1515 4016 1668 4080 fidei
1698 4039 1881 4096 meae,
1912 4027 1977 4082 et
2002 4041 2177 4084 nunc
2204 4021 2349 4105 ipso
2380 4023 2557 4105 quod
2584 4023 2914 4102 moveor’,

707 4138 838 4179 non
890 4126 1105 4195 cantu,
1153 4117 1266 4182 sed
1308 4118 1499 4180 rebus
1551 4140 1695 4202 quae
1748 4127 2105 4199 cantantur,
2151 4143 2299 4185 cum
2346 4121 2596 4205 liquida
2639 4145 2803 4187 voce
2852 4133 2915 4188 et

710 4436 722 4446 ·
774 4380 798 4418 1
835 4375 1038 4423 Occulta
1069 4374 1245 4424 scilicet
1283 4375 1375 4424 Dei
1409 4378 1533 4425 dona
1565 4391 1658 4423 non
1694 4376 1778 4424 nisi
1842 4377 2225 4489 ixpsomnicuique
2239 4379 2464 4430 declarat.
2503 4380 2716 4444 Aug.de
2740 4380 2909 4428 Sancta

707 4439 1002 4503 interrogatio
1033 4438 1316 4496 tentationis,
1355 4439 1495 4489 etiam
1529 4439 1578 4487 in
1610 4447 1773 4496 semet·
1873 4441 2065 4510 Virginit.
2086 4458 2131 4492 c.
2153 4448 2200 4491 4.
2224 4443 2274 4492 4.
