3042 5059
404 990 488 1040 Ps.
507 991 589 1047 26,

407 1057 484 1105 12.

405 1302 551 1353 Rom.
578 1304 624 1353 1.

404 1412 514 1459 Act.
525 1411 623 1467 9,5.

404 2210 486 2257 Ps.
513 2212 623 2267 101,

400 2276 482 2324 21.

407 2410 486 2460 Ps.
511 2413 591 2468 74,

294 2530 310 2545 ‚
405 2478 453 2534 5,
477 2477 526 2525 6.

468 2726 564 2775 lx.

405 2791 585 2839 Discri-

404 2856 509 2903 me'n
533 2856 604 2902 in-

405 2928 474 2967 ter
494 2935 602 2983 pec·

644 433 727 491 88
1199 427 1262 489 S.
1310 426 1827 491 AUGUSTINI
1874 426 2295 491 EPISCOPI

643 583 1020 665 decalogum
1069 592 1270 661 tuum,
1314 583 1494 647 Deus
1546 582 1851 647 altissime
1898 591 1964 646 et
2013 580 2399 645 dulcissime.
2518 580 2651 643 Sed
2704 602 2859 663 quae

641 684 888 765 flagitia
928 684 997 745 in
1037 694 1100 747 te
1144 684 1256 768 qui
1293 704 1426 747 non
1455 680 1915 765 corrumperis?
1963 691 2073 749 aut
2103 703 2247 765 quae
2270 680 2573 745 adversus
2600 690 2668 745 te
2698 681 2857 745 faci-

640 807 818 862 nora,
857 786 961 849 cui
1003 785 1222 849 noceri
1263 807 1394 848 non
1437 783 1691 868 potest?
1761 782 1891 849 Sed
1932 782 2059 847 hoc
2102 780 2395 847 vindicas
2436 781 2613 866 quod
2661 784 2733 845 in
2787 804 2857 845 se

643 886 936 948 homines
983 894 1370 968 perpetrant,
1423 886 1578 968 quia
1628 886 1820 948 etiam
1874 906 2019 949 cum
2069 885 2140 946 in
2190 892 2255 947 te
2305 892 2602 966 peccant,
2652 884 2859 968 impie

643 988 888 1051 faciunt
920 987 992 1049 in
1032 986 1276 1051 animas
1317 1006 1484 1065 suas,
1528 994 1594 1047 et
1628 988 1947 1049 mentitur
1991 986 2315 1069 iniquitas
2348 984 2493 1062 sibi,
2536 986 2674 1047 sive
2716 1006 2856 1047 cor-

641 1086 995 1171 rumpendo
1039 1109 1114 1151 30
1158 1086 1577 1171 pervertendo
1621 1095 1910 1151 naturam
1960 1108 2139 1149 suam
2191 1107 2385 1169 quam
2426 1096 2497 1150 tu
2540 1086 2753 1151 fecisti
2793 1094 2861 1149 et

643 1188 971 1266 ordinasti,
1002 1190 1102 1251 vel
1132 1188 1542 1253 immoderate
1580 1186 1819 1250 utendo
1858 1187 2183 1251 concessis
2220 1189 2433 1264 rebus,
2462 1187 2567 1249 vel
2606 1186 2680 1249 in
2725 1208 2855 1249 non

643 1312 952 1355 concessa
953 1290 1318 1371 flaqrando
1345 1292 1416 1351 in
1446 1310 1593 1351 eum
1624 1309 1813 1351 usum
1844 1291 1960 1371 qui
1979 1296 2073 1351 est
2095 1295 2321 1351 contra
2343 1296 2657 1352 naturam
2670 1313 2695 1357 ‚·
2746 1296 2859 1351 aut

641 1392 733 1455 rei
763 1399 1075 1468 tenentur,
1105 1392 1316 1454 animo
1345 1399 1412 1455 et
1437 1390 1649 1453 verbis
1680 1390 2013 1455 saevientes
2035 1388 2337 1453 adversus
2359 1398 2444 1467 te,
2466 1398 2531 1453 et
2548 1390 2860 1453 advers-ecs

641 1495 977 1555 stimulum
1007 1494 1424 1555 calcitrante-5·
1439 1518 1461 1561 ;
1512 1499 1625 1555 aut
1660 1512 1807 1553 cum
1848 1491 2151 1573 disruptis
2190 1491 2508 1555 limitibus
2550 1491 2854 1555 humanae

645 1594 988 1671 societatiS,
1029 1595 1326 1657 laetantur
1367 1591 1643 1657 audaces
1690 1592 1956 1674 privatis
1998 1592 2562 1655 conciliationibus
2606 1600 2722 1655 3111
2758 1590 2855 1654 di-

639 1695 1126 1778 remptionibus),
1161 1702 1353 1776 prout
1394 1691 1681 1776 quidque
1718 1692 2129 1755 delectaverit
2168 1701 2282 1755 aut
2320 1691 2675 1755 offenderit.
2762 1694 2859 1755 Et

641 1818 718 1859 ea
746 1796 912 1860 fiunt
939 1818 1086 1859 cum
1116 1805 1186 1859 tu
1214 1793 1695 1878 derelinqueris,
1730 1794 1875 1857 fons
1912 1794 2080 1871 vitae,
2110 1794 2224 1877 qui
2267 1814 2339 1857 es
2379 1814 2549 1857 unus
2574 1804 2643 1857 et
2666 1814 2857 1857 verus

642 1908 886 1962 creator
913 1909 979 1962 et
1003 1908 1210 1963 rector
1237 1898 1704 1973 universitatis3
1750 1908 1815 1963 et
1840 1897 2089 1981 privata
2130 1898 2431 1979 superbia
2470 1896 2761 1978 diligitur
2786 1897 2855 1961 in

639 2001 860 2083 parte*
904 2022 1104 2063 unum
1147 2000 1398 2063 falsum.
1487 2002 1715 2083 Itaque
1750 1998 1987 2083 pietate
2029 1998 2260 2062 humili
2286 1997 2526 2063 reditur
2560 1999 2633 2061 in
2674 2007 2763 2077 te,
2794 2008 2859 2062 et

641 2120 880 2183 purgas
904 2121 1026 2163 nos
1054 2122 1095 2163 a
1123 2098 1585 2163 consuetudine
1614 2102 1805 2176 mala,
1828 2109 1893 2164 et
1911 2100 2231 2183 propitius
2251 2120 2323 2163 es
2341 2099 2631 2183 peccatis
2652 2099 2858 2163 confi-

641 2201 930 2278 tentium,
961 2209 1025 2263 et
1051 2201 1327 2263 exaudis
1350 2204 1633 2281 yemitus
1650 2200 2175 2280 compeditorum,
2196 2208 2261 2263 et
2288 2200 2486 2263 solvis
2508 2222 2551 2263 3.
2574 2199 2859 2265 vinculis

644 2324 790 2385 quae
826 2302 1016 2364 nobis
1053 2301 1342 2378 fecimuS,
1383 2303 1438 2365 si
1466 2300 1606 2385 jam
1648 2322 1781 2363 non
1824 2301 2143 2382 erigamus
2188 2300 2489 2363 adversus
2516 2310 2579 2365 te
2610 2321 2857 2365 cornua

643 2402 819 2465 falsae
846 2402 1179 2481 libertatis,
1209 2400 1497 2466 avaritia¹
1523 2403 1673 2485 plus
1706 2400 2011 2478 habendi,
2042 2408 2108 2465 et
2148 2400 2382 2465 damno
2422 2410 2627 2465 totum
2670 2402 2856 2466 amit·

641 2504 853 2579 tendi3
901 2504 1174 2587 amplius
1209 2504 1484 2567 amando
1521 2503 1851 2586 proprium
1888 2511 2195 2579 nostrum,
2227 2524 2421 2586 quam
2464 2512 2527 2567 te
2566 2503 2857 2567 omnium

640 2607 900 2669 bonum.

735 2711 832 2771 17.
881 2706 1011 2770 Sed
1038 2708 1206 2771 inter
1233 2705 1482 2785 flagitia
1508 2713 1575 2769 et
1602 2704 1888 2769 facinora
1920 2715 1988 2769 et
2018 2715 2149 2783 tam
2184 2706 2419 2769 multas
2452 2704 2858 2789 iniquitates,

643 2818 790 2873 sunt
815 2817 1086 2891 peccata
1112 2806 1606 2891 proficientium,
1638 2828 1783 2889 quae
1822 2827 1863 2868 a
1896 2808 2063 2870 bene
2107 2806 2551 2890 judicantibus
2588 2818 2655 2873 et
2688 2809 2859 2873 vitu·

639 2919 942 2993 petantur
973 2932 1058 2975 ex
1091 2911 1314 2991 regula
1346 2909 1780 2992 perfectionis,
1810 2917 1875 2973 et
1909 2908 2251 2975 laudantur
2284 2932 2399 2993 spe
2432 2911 2657 2992 frugis,
2690 2912 2859 2977 sicut

643 3134 904 3198 pertineant
955 3136 1018 3183 ad
1069 3134 1278 3184 homines
1305 3135 1458 3183 —Ad
1511 3134 1709 3197 primum

677 3207 932 3264 receptum
972 3208 1064 3247 tres
1098 3198 1285 3247 chordae
1317 3199 1567 3263 pertinent,
1601 3197 1714 3261 quia

697 3278 780 3310 eus
801 3273 870 3311 est
889 3262 1105 3311 Trinitas.
1148 3262 1226 3310 Ad
1247 3261 1443 3310 alterum
1465 3261 1575 3310 vero
1594 3278 1713 3326 prm·

644 3335 850 3389 ceptum,
878 3326 926 3374 id
956 3334 1042 3381 est,
1077 3326 1140 3374 ad
1170 3326 1462 3375 dilectionem
1496 3324 1711 3389 proximi,

645 3398 820 3453 septem
854 3389 1074 3437 chordae:
1122 3391 1354 3453 quomodo
1384 3390 1565 3439 vivatur
1596 3390 1715 3439 inter

1776 3148 1865 3208 3113
1902 3133 2107 3199 diligitur
2141 3136 2401 3202 proprium.
2454 3137 2579 3201 Aug.
2620 3136 2687 3185 de
2720 3136 2854 3184 Tria.

1776 3212 1860 3298 ml
1883 3200 2015 3311 gare
2036 3272 2169 3329 putes
2192 3264 2450 3329 quidquam
2474 3264 2678 3329 potuisse
2699 3263 2853 3312 verius

1776 3326 1871 3375 dici
1899 3343 2044 3391 quam
2074 3328 2125 3377 id
2155 3328 2283 3393 quod
2313 3329 2491 3379 dictum
2520 3336 2609 3386 est,
2636 3329 2854 3377 Radit-m

1778 3394 1975 3439 omnium
2006 3395 2225 3441 malorum
2258 3410 2343 3442 esse
2374 3396 2611 3441 avaritiam
2647 3394 2701 3456 (l
2727 3392 2852 3440 Tim.

644 3453 1085 3503 homines.--Haec
1122 3454 1376 3518 jungamus
1422 3454 1513 3503 inis
1569 3454 1715 3503 tribus

645 3517 705 3565 ad
736 3518 1027 3567 dilectionem
1071 3517 1166 3567 Dei
1206 3518 1557 3583 pertinentibus,
1590 3518 1629 3567 si
1664 3519 1713 3567 in

646 3582 861 3645 psalterio
926 3582 1088 3630 decem
1158 3582 1435 3631 chordarum
1497 3584 1715 3633 volumus

646 3655 835 3695 cantare
881 3647 1116 3695 canticum
1173 3648 1504 3697 novum—Ut
1557 3656 1711 3695 autem

646 3718 803 3758 cantet
823 3710 1059 3759 canticum
1080 3726 1270 3769 novum,
1293 3712 1350 3761 sit
1377 3727 1522 3761 novus
1555 3712 1713 3760 homo.

646 3774 771 3822 -Si
800 3774 1046 3823 dilectione
1080 3774 1244 3833 facitis,
1276 3776 1505 3825 canticum
1540 3792 1711 3825 novum

646 3839 865 3888 cantatis:
907 3839 944 3887 si
972 3840 1134 3889 timore
1165 3839 1334 3898 facitis,
1361 3840 1511 3889 facitis
1541 3850 1715 3899 tamen,

646 3903 836 3967 portatis
867 3905 1054 3968 quidem
1082 3904 1370 3969 psalterium,
1392 3906 1473 3953 sed
1507 3906 1713 3953 nondum

646 3968 869 4017 cantatis:
905 3968 944 4017 si
977 3976 1134 4017 autem
1170 3984 1256 4017 nec
1290 3968 1378 4018 hoc
1401 3969 1575 4027 ¹facitis,
1607 3984 1713 4034 pro·

639 4031 777 4097 jicitis
809 4033 959 4099 ipsum
992 4032 1278 4099 psalterium.
1345 4034 1523 4083 Melius
1547 4042 1617 4083 est
1638 4034 1711 4082 vel

646 4106 846 4161 portare,
869 4100 1016 4161 quam
1041 4097 1262 4163 projicere
1283 4117 1294 4145 :
1330 4099 1410 4147 sed
1427 4115 1602 4153 rursus,
1616 4113 1707 4146 me·

646 4160 737 4209 lius
767 4177 875 4210 cum
908 4162 1146 4227 voluptate
1180 4171 1385 4220 cantare,
1421 4166 1569 4227 quim
1604 4178 1713 4211 cum

647 4241 785 4273 onere
801 4234 995 4291 portare.
1048 4226 1175 4291 Aug.
1202 4226 1352 4276 Serm.
1370 4228 1414 4274 9.
1433 4230 1492 4277 113
1513 4246 1545 4275 x
1563 4228 1712 4275 Chor-

647 4289 733 4342 dis,
758 4305 802 4338 c.
826 4294 874 4349 5,
897 4292 946 4349 6,
971 4292 1020 4339 7.

713 4352 743 4389 Ῑῑ
777 4354 940 4402 Honor
975 4354 1172 4405 hominis
1192 4372 1329 4404 verus
1364 4364 1432 4404 est
1467 4355 1623 4419 imago
1654 4371 1711 4404 33

647 4417 896 4467 311111ἰὶ13110
935 4419 1042 4477 Dei,
1072 4436 1180 4483 quae
1215 4436 1307 4469 non
1340 4421 1595 4468 custoditur
1628 4420 1713 4469 nisi

649 4482 709 4528 ad
752 4481 922 4545 ipsum,
968 4499 998 4531 a
1052 4499 1146 4548 quo
1201 4484 1495 4549 imprimitur.
1562 4485 1714 4533 'santo

651 4546 794 4609 magis
814 4545 971 4611 itaque
1001 4546 1250 4597 inhaeretur
1275 4550 1396 4607 Deo,
1419 4556 1595 4614 quanto
1628 4549 1712 4597 mi·

1779 3456 1829 3510 6,
1867 3456 1973 3519 10.)
2013 3456 2065 3506 11.
2089 3472 2133 3507 3.
2170 3457 2277 3523 plus
2314 3458 2435 3507 velle
2474 3472 2619 3522 quam
2657 3464 2732 3505 sat
2766 3466 2857 3505 est.

1778 3520 1981 3569 'santum
1997 3529 2153 3570 autem
2173 3530 2245 3571 sat
2256 3530 2341 3577 est.
2358 3530 2585 3587 quantum
2602 3520 2693 3569 sibi
2710 3520 2855 3585 exigit

1779 3593 1961 3633 naturae
1972 3585 2021 3633 13
2036 3602 2121 3633 suo
2137 3601 2304 3651 genere
2320 3585 2651 3635 conservandae
2668 3584 2855 3635 modus-

1779 3648 1990 3697 Avaritia
2020 3650 2307 3699 enim—non
2338 3650 2385 3698 13
2418 3650 2517 3699 3010
2548 3658 2744 3713 argento
2776 3648 2854 3697 vel

1778 3711 1828 3761 in
1862 3714 2211 3763 nummis—sed
2246 3714 2295 3762 in
2328 3714 2545 3763 omnibus
2576 3715 2720 3761 rebus
2740 3728 2851 3777 qua

1777 3776 2080 3827 immoderate
2124 3778 2378 3843 cupiuntur
2418 3778 2724 3841 intelligenda
2764 3786 2854 3832 est,

1780 3841 2053 3906 ubicunque
2104 3842 2296 3891 omnino
2349 3843 2456 3908 plus
2500 3842 2601 3890 vult
2655 3840 2857 3907 quisque

1780 3920 1921 3969 quam
1954 3913 2027 3955 sat
2057 3913 2143 3956 est.
2184 3908 2243 3955 de
2266 3906 2374 3955 Lib.
2396 3906 2517 3956 Arb.
2552 3906 2589 3955 l.
2610 3906 2677 3954 iii.
2702 3907 2746 3968 §.
2770 3907 2855 3955 48.

1783 3970 1889 4018 Hoc
1921 3978 1992 4018 est
2020 3971 2147 4035 quod
2179 3986 2449 4037 persuasum
2472 3978 2543 4019 est
2564 3970 2788 4044 [Adamo
2808 3978 2855 4019 et

1780 4034 1921 4097 Evae]
1946 4044 1999 4082 111
2015 4050 2147 4083 suam
2171 4044 2441 4101 potestatem
2466 4036 2599 4085 nimis
2619 4045 2856 4090 amarent,

1778 4107 1842 4156 et,
1900 4114 2013 4147 cum
2062 4100 2163 4148 Deo
2208 4115 2343 4165 pares
2384 4115 2483 4149 esse
2528 4099 2727 4154 vellent..
2771 4098 2855 4147 illa

1778 4162 2045 4221 medietate,
2067 4178 2152 4229 per
2172 4179 2315 4229 quam
2343 4165 2449 4213 Deo
2474 4162 2679 4228 subjecti
2700 4171 2853 4221 erant,

1777 4235 1825 4275 et
1879 4242 2075 4290 corpora
2128 4228 2343 4294 subjecta
2402 4227 2853 4286 habebant,--male

1778 4300 2034 4348 uterentur,
2058 4292 2087 4340 i.
2101 4308 2144 4341 e.
2166 4302 2329 4342 contra
2358 4293 2510 4357 legem
2544 4292 2639 4340 Dei
2654 4310 2673 4350 ς
2710 4300 2853 4357 atque

1776 4355 1840 4404 ita
1860 4357 1986 4421 quod
2008 4366 2290 4421 acceperant
2318 4358 2613 4415 amitterent3
2653 4357 2771 4405 dum
2804 4355 2851 4404 id
2948 4366 2961 4383 ·

1812 4422 1906 4469 uod
1923 4437 2018 4469 non
2031 4431 2326 4487 acceperant.
2340 4437 2563 4497 usurpare
2584 4421 2852 4472 voluerunt.

1830 4501 1905 4551 ug.
1930 4486 1989 4535 de
2013 4486 2137 4537 Gen.
2160 4502 2204 4537 c.
2229 4488 2369 4536 Man.
2393 4486 2426 4534 l.
2444 4504 2490 4535 11.
2514 4487 2561 4549 §.
2581 4487 2667 4534 22.
