3042 5059
677 311 1394 380 CONFESSIONUM
1438 318 1719 382 LIBER
1763 321 1960 383 XIII.
2292 325 2417 383 2⁷8

213 468 422 548 nifice
440 469 511 530 in
541 470 836 545 Domino,
865 471 1022 553 quia
1050 471 1313 534 tandem
1343 473 1699 554 aliquando
1726 475 2171 554 repullulastis
2195 487 2425 554 sapere

196 587 338 646 pro
367 588 492 645 me,
521 571 596 629 in
623 588 746 651 quo
779 576 846 632 et
875 569 1259 650 sapiebatis,-
1310 571 1573 634 taedium
1614 579 1831 634 autem
1874 573 2209 637 habuistis.
2298 575 2419 637 Isti

213 687 374 750 ergo
411 669 712 733 diuturno
749 669 942 733 taedio
979 679 1400 748 marcuerant,
1429 680 1496 734 et
1534 673 1718 755 quasi
1755 683 2135 738 exaruerant
2173 677 2255 739 ab
2291 676 2419 738 isto

213 768 434 832 fructu
459 771 615 833 boni
644 770 894 853 operis3
939 779 1006 833 et
1033 770 1271 852 gaudet
1297 772 1391 835 eis
1421 772 1577 856 quia
1603 775 2103 851 repullularunt,
2130 796 2263 837 non
2294 775 2418 838 sibi

217 871 380 952 quia
423 871 560 954 ejus
601 872 974 952 indigentiae
1019 875 1465 936 subvenerunt.
1566 873 1727 936 Ideo
1772 885 2025 938 secutus
2070 877 2193 938 ait:
2268 880 2419 940 Non
2438 883 2569 932 Phil·
2592 883 2642 938 4,

217 971 394 1053 quod
438 972 606 1034 desit
655 973 915 1056 aliquid
963 973 1107 1036 dico
1123 999 1146 1043 ;
1209 995 1320 1055 eqo
1367 975 1541 1036 enim
1592 974 1820 1050 didici,
1864 977 1936 1036 in
1997 976 2225 1058 quibus
2276 998 2419 1040 sum
2438 948 2606 997 10-13.

215 1073 544 1158 sufficiens
585 1095 734 1137 esse.
826 1075 974 1136 Scio
1015 1081 1082 1136 et
1123 1075 1340 1136 minus
1383 1073 1635 1150 habere,
1662 1075 1793 1136 scio
1831 1083 1897 1138 et
1931 1075 2301 1146 abundare,-
2347 1079 2422 1140 in

212 1174 518 1236 omnibu-s
545 1183 610 1236 et
649 1175 722 1236 in
759 1175 980 1236 omnia
1016 1172 1302 1235 imbutus
1340 1193 1517 1244 sum,·
1566 1181 1631 1237 et
1670 1177 1929 1253 satiari,
1956 1183 2023 1238 et
2064 1177 2331 1255 esurire,
2358 1171 2423 1239 e‘t

215 1274 580 1354 abrandare,
600 1282 666 1338 et
684 1275 1036 1356 penuriam
1057 1275 1240 1354 pati:
1289 1276 1507 1336 omnia
1530 1293 1774 1356 possum
1804 1277 1877 1338 in
1904 1295 1977 1338 eo
2004 1277 2120 1358 qui
2146 1297 2249 1339 me
2276 1297 2421 1339 con·-

191 1377 448 1453 fortat.
2399 1386 2404 1391 “

315 1479 419 1537 40.
465 1475 660 1540 Unde
702 1497 854 1556 ergo
867 1471 898 1502 ⁸
945 1474 1206 1556 gaudeS,
1249 1495 1289 1538 ο
1333 1475 1533 1539 Paule
1575 1475 1845 1556 magne?
1922 1476 2115 1541 Unde
2159 1478 2423 1558 gaudee,

218 1575 398 1639 unde
435 1576 740 1660 pasceriS,
781 1577 976 1638 homo
1011 1583 1309 1639 renovate
1342 1577 1418 1638 in
1453 1579 1850 1656 aynitionem
1895 1580 2029 1664 Dei
2072 1579 2422 1642 secundum

217 1677 574 1758 imayinem
602 1677 744 1760 ejus
770 1678 887 1760 qui
912 1678 1156 1740 creavit
1184 1684 1268 1753 te,
1291 1684 1356 1740 et
1379 1678 1608 1739 anima
1634 1679 1983 1740 vivatanta
2012 1677 2425 1758 continentia,
2482 1739 2488 1745 .

215 1783 294 1840 et
316 1777 544 1858 lingua
567 1777 866 1853 volatilis,
887 1777 1146 1860 loquens
1163 1779 1470 1858 mysteria
1485 1774 1518 1836 9
1567 1777 1839 1841 Talibus
1868 1779 2109 1863 quippe
2138 1780 2423 1844 animan·
2444 1793 2467 1839 ι
2497 1791 2607 1840 cor.

217 1879 402 1942 tibus
437 1879 564 1942 ista
604 1899 756 1942 esca
793 1879 1074 1942 debetur.
1164 1877 1338 1951 Quid
1375 1886 1475 1942 est
1516 1878 1695 1962 quod
1731 1887 1794 1942 te
1828 1880 2082 1963 pascit?
2148 1881 2421 1945 Laetitia.
2444 1857 2524 1912 ¹⁴·
2543 1857 2591 1904 ²·

219 1979 422 2052 Quod
447 1979 738 2068 sequitur
763 1979 1116 2044 audiamus,
1220 1981 1691 2058 Verumtamen,
1720 1980 1952 2063 inquit,
1981 1980 2427 2064 benefecistis,
2496 2007 2505 2016 ·

218 2082 772 2143 communicantes
809 2080 1218 2143 tribulationi
1256 2101 1429 2143 mese.
1519 2079 1699 2144 Hinc
1744 2080 1999 2160 gaudet,
2026 2081 2179 2144 hinc
2216 2081 2427 2164 pasci·

221 2189 349 2260 tur,
395 2179 550 2264 quia
591 2179 690 2242 illi
733 2180 1206 2257 benefecerunt,
1247 2201 1382 2242 non
1425 2179 1581 2264 quia
1624 2179 1764 2264 ejus
1807 2181 2107 2260 angustia
2144 2182 2433 2244 relaxata

221 2291 346 2358 est,
390 2280 506 2364 qui
547 2281 708 2344 dicit
745 2282 888 2358 tibi,
935 2282 1024 2344 In
1073 2281 1491 2344 tribulatione
1540 2281 1840 2343 dilatasti
1884 2282 2050 2343 milii
2067 2303 2086 2342 .·
2166 2281 2321 2364 quia
2367 2289 2433 2344 et

223 2381 566 2445 abundare
607 2390 672 2444 et
701 2385 1056 2462 penuriam
1086 2384 1243 2462 pati
1258 2388 1276 2412 ⁸
1317 2383 1492 2444 novit
1525 2383 1599 2443 in
1646 2389 1707 2442 te
1750 2381 1866 2464 qui
1906 2381 2229 2464 confortas
2263 2401 2426 2444 eum.
2451 2395 2526 2444 Pa.
2548 2395 2599 2449 4.
2614 2396 2667 2442 2.

228 2484 434 2546 Scitis
458 2484 654 2559 enim,
681 2483 914 2567 inquit,
941 2491 1007 2545 et
1033 2503 1157 2560 vos,
1187 2483 1655 2562 Philippenses,
1674 2482 1979 2563 quoniam
2008 2482 2082 2542 in
2101 2483 2432 2560 principio
2445 2499 2570 2550 Phss.
2593 2500 2645 2558 4,

239 2585 604 2664 Evanyelii‚
649 2605 796 2646 cum
853 2604 940 2646 ea:
991 2583 1380 2646 Macedonia
1429 2601 1571 2643 sum
1596 2581 1977 2662 ‚profectu-s,
2027 2582 2213 2644 nulla
2266 2583 2435 2644 milii
2448 2566 2527 2622 ¹⁴·
2553 2564 2633 2612 ¹⁶·

225 2685 532 2746 Ecclesia
574 2685 1070 2746 communicavit
1113 2685 1187 2744 in
1236 2682 1489 2744 ratione
1532 2680 1677 2742 dati
1726 2687 1791 2742 et
1840 2683 2112 2760 accepti,
2154 2682 2285 2742 nisi
2331 2701 2436 2742 vos

227 2785 349 2846 soli
358 2808 383 2854 ,·
432 2786 590 2867 quia
627 2792 692 2847 et
737 2785 1267 2860 ssessalonicam,
1296 2789 1362 2844 et
1390 2782 1585 2844 semel
1621 2787 1691 2843 et
1726 2781 1989 2856 iterum,
2018 2781 2239 2844 usibus
2278 2784 2439 2845 meis

223 2886 517 2947 misistis.
604 2883 708 2946 Ad
755 2884 896 2946 haec
941 2885 1116 2946 bona
1157 2903 1353 2964 opera
1395 2901 1508 2944 eos
1554 2879 1799 2943 redisse
1848 2901 2021 2943 nunc
2071 2880 2329 2961 gaudet,
2373 2889 2440 2946 et

224 2986 654 3065 repullulasse
679 2985 932 3048 laetatm
957 2993 1264 3067 tanquam
1289 2981 1708 3045 revirescente
1738 2981 2061 3044 fertilitate
2088 2982 2247 3062 agri.

318 3089 424 3146 41.
469 3085 808 3168 Numquid
853 3091 1115 3167 propter
1158 3103 1314 3146 usus
1358 3103 1532 3158 suOS,
1574 3079 1727 3164 quia
1772 3079 1960 3158 dixit,
2009 3080 2239 3144 Usibus
2278 3083 2441 3144 meis

224 3188 501 3250 misistis
521 3183 556 3246 ,9
617 3183 935 3269 numquid
969 3192 1306 3268 propterea
1356 3179 1635 3265 gaudet?
1703 3181 1858 3243 Non
1902 3189 2260 3264 propterea.
2346 3183 2441 3244 Et

227 3288 360 3351 hoc
398 3287 572 3350 unde
609 3284 890 3351 scimus?
937 3283 1258 3358 Quoniam
1293 3283 1436 3366 ipse
1473 3282 1761 3366 sequitur
1797 3280 2053 3344 dicens:
2100 3283 2252 3344 Non
2279 3283 2437 3364 quia
2452 3295 2580 3346 Phil.
2602 3297 2653 3355 4,

227 3409 447 3472 quoero
507 3388 757 3466 datum,
799 3387 912 3449 sed
965 3387 1222 3468 requiro
1267 3384 1577 3465 fructum
1594 3379 1645 3443 ⁶.
1734 3380 1989 3444 Didicit
2032 3402 2074 3444 a
2120 3388 2207 3457 te,
2255 3380 2439 3444 Deus
2454 3361 2534 3412 ¹⁷·

228 3509 436 3564 meuS,
463 3487 628 3549 inter
655 3485 873 3549 datum
901 3492 970 3548 et
993 3485 1269 3548 fructmn
1299 3481 1675 3546 discernere.
1764 3481 2005 3543 Datum
2035 3487 2135 3543 est
2163 3500 2267 3542 res
2294 3478 2441 3562 ipsa

233 3609 432 3671 quam
464 3587 595 3666 dat,
625 3585 740 3670 qui
763 3585 1124 3668 impertitur
1156 3585 1298 3646 haec
1327 3579 1723 3656 necessaria3
1768 3579 1967 3644 veluti
1996 3587 2095 3642 est
2114 3599 2440 3657 nummus,

233 3690 448 3764 cibus,
484 3697 696 3771 potus,
728 3686 1198 3760 vestimentum,
1236 3689 1495 3758 tectum,
1530 3679 1933 3765 adjutorium.
2022 3680 2295 3743 Fructus
2330 3700 2439 3742 au-

231 3798 390 3866 tem,
411 3791 590 3852 ‘bona
627 3795 693 3850 et
725 3795 901 3850 recta
941 3785 1238 3847 voluntas
1283 3781 1520 3846 datoris
1549 3789 1663 3844 est.
1754 3781 1907 3842 Non
1946 3779 2117 3842 enim
2157 3780 2248 3842 ait
2288 3779 2441 3841 Ma·

226 3893 436 3973 qister
463 3889 680 3966 bonus,
716 3887 847 3970 Qui
877 3885 1226 3965 susceperit
1251 3884 1663 3963 proplietam,
1691 3887 1937 3942 tantum
1957 3923 1975 3954 ,
2022 3879 2136 3942 sed
2172 3877 2442 3952 addidit,

227 3994 309 4053 in
345 3991 604 4052 nomine
635 3989 996 4068 proplietoe:
1049 4003 1260 4066 neque
1303 3981 1394 4043 ait
1430 3987 1697 4054 tantum,
1746 3977 1877 4044 Qui
1916 3979 2265 4056 susceperit
2290 3977 2438 4058 jus-

231 4100 378 4154 tum
395 4115 420 4159 ,·
471 4089 584 4152 sed
611 4085 882 4163 addidit,
909 4088 983 4148 in
1012 4085 1268 4146 nomine
1278 4081 1472 4163 justi.
1548 4080 1652 4140 Ita
1680 4077 1923 4160 quippe
1950 4076 2059 4138 ille
2087 4077 2436 4138 mercedem

299 4272 321 4300 ⁸
358 4264 610 4315 Penuriam
635 4263 812 4331 quippe
843 4267 946 4328 pati
979 4277 1308 4327 quorumeum·
1372 4259 1476 4322 quis
1506 4273 1602 4331 non
1630 4259 1817 4321 potest!
1868 4252 1962 4303 Sed
1995 4252 2112 4300 scire
2132 4260 2179 4300 et
2200 4251 2440 4323 abundare

232 4345 330 4392 que
369 4330 611 4378 hominum
645 4336 749 4389 ειη
789 4330 870 4378 sed
910 4327 1027 4376 scire
1070 4324 1309 4391 penuriam
1375 4338 1470 4371 non
1497 4322 1585 4369 nisi
1606 4333 1765 4369 eorum
1790 4325 1997 4382 est‘quos
2026 4314 2317 4388 abundantia
2346 4328 2440 4360 non

233 4395 341 4458 pati
383 4409 660 4458 magnorum
697 4401 786 4444 est.
869 4394 948 4441 Sic
985 4399 1035 4440 et
1072 4389 1313 4439 abundare
1377 4384 1648 4450 corrumpit.
1690 4383 1815 4448 Aug.
1833 4382 1892 4432 de
1918 4383 2065 4430 Bonae
2086 4394 2279 4443 conjug.
2295 4379 2441 4440 mm.

1325 4488 1364 4531 T
