3042 5059
467 648 512 697 Α
538 585 647 699 ιξὲο

462 714 661 830 3¹:223·

523 1487 618 1539 XI.

462 1553 594 1612 Quid
615 1569 646 1602 a

461 1617 570 1667 Deo
593 1618 666 1667 di·

461 1682 643 1732 dicerit.

466 1762 490 1808 1
515 1759 642 1811 Tim.

461 1826 510 1878 6.
531 1827 606 1874 16.

709 421 836 480 230
1269 417 1333 480 S.
1366 416 1882 480 AUGUSTINI
1931 416 2354 480 EPISCOPI

797 575 894 634 10.
943 573 1001 635 O
1029 572 1248 636 lumen
1283 572 1559 650 Veritas,
1596 572 1813 635 lumen
1853 571 2066 636 cordis
2103 571 2250 647 mei,
2280 591 2410 634 non
2439 569 2725 632 tenebrae
2762 588 2931 630 meae

701 671 1048 756 loquantur
1073 672 1251 736 mihi.
1341 673 1609 736 Defluxi
1638 670 1721 736 ad
1748 673 1876 736 ista
1904 681 1967 736 et
1995 674 2371 736 obscuratus
2402 692 2579 747 sum;
2622 668 2739 732 sed
2768 668 2931 730 hinc

703 775 917 852 etiam,
945 775 1100 840 hinc
1131 773 1422 839 adamavi
1455 784 1537 838 te.
1627 774 1855 838 Eri-avi
1896 781 1963 837 et
1992 772 2360 844 recordatus
2397 793 2539 836 sum
2582 771 2698 834 tui.
2795 772 2931 832 Au·

703 877 836 942 divi
878 897 1102 940 vocem
1144 885 1320 939 tuam
1363 883 1516 958 post
1554 896 1657 938 me
1700 886 1774 938 ut
1814 874 2106 952 redirem,
2146 883 2213 937 et
2250 874 2365 936 vix
2404 872 2625 936 audivi
2661 879 2935 956 propter

702 977 1011 1041 tumultus
1065 969 1625 1059 impacatorum‘''.
1716 977 1808 1040 Et
1854 997 2025 1038 nunc
2076 997 2228 1040 ecce
2277 975 2469 1038 redeo
2516 982 2806 1036 aestuans
2866 983 2935 1035 et

703 1078 1014 1141 anhelans
1045 1076 1127 1141 ad
1155 1078 1391 1141 fontem
1425 1085 1625 1140 tuum.
1694 1079 1903 1140 Nemo
1926 1098 2028 1140 me
2054 1076 2428 1159 prohibeat;
2469 1075 2646 1138 hune
2674 1073 2931 1148 bibam,

701 1187 768 1242 et
792 1189 946 1243 tunc
975 1179 1204 1240 vivam.
1281 1179 1431 1241 Non
1464 1199 1585 1260 ego
1616 1179 1747 1241 vita
1774 1199 1917 1241 mea
1946 1178 2088 1255 sim,
2111 1179 2279 1241 male
2305 1178 2443 1240 vixi
2472 1199 2559 1240 ex
2588 1198 2718 1255 me,
2747 1197 2931 1240 mors

701 1279 860 1343 mihi
891 1280 1023 1356 fui3
1067 1286 1134 1342 et
1159 1280 1227 1341 in
1259 1288 1322 1343 te
1353 1279 1665 1342 revivisco
1681 1278 1730 1341 ⁶.
1819 1279 1924 1342 Tu
1965 1301 2067 1342 ine
2109 1280 2457 1364 alloquere,
2484 1286 2558 1340 tu
2584 1278 2755 1340 mihi
2796 1298 2927 1340 ser-

701 1381 1044 1445 mocinare.
1135 1379 1398 1444 Credidi
1428 1379 1641 1442 Libris
1671 1380 1820 1458 tuis,
1851 1387 1917 1443 et
1944 1380 2139 1442 verba
2166 1400 2384 1442 eorum
2416 1399 2653 1442 arcana
2678 1377 2894 1440 valde.

793 1485 890 1544 11.
936 1483 1081 1546 Jam
1115 1480 1340 1546 dixisti
1377 1482 1559 1560 mihi,
1590 1483 1890 1559 Domine,
1922 1503 2080 1546 voce
2107 1483 2256 1545 forti
2292 1483 2362 1544 in
2406 1477 2666 1544 aurem*
2699 1480 2926 1543 interi-

699 1605 891 1661 orem,
915 1584 1070 1669 quia
1097 1592 1169 1648 tu
1198 1593 1471 1649 aeternus
1500 1609 1590 1663 eS,
1617 1588 1787 1649 solus
1813 1585 2051 1650 habeas
2078 1587 2708 1656 immortalitatem&
2759 1605 2923 1668 quo-

695 1687 871 1750 niam
899 1708 984 1751 ex
1012 1689 1192 1751 nulla
1219 1690 1435 1771 specie
1464 1698 1721 1752 motuve
1749 1689 2033 1765 mutariS,
2061 1709 2181 1751 nec
2212 1688 2609 1770 temporibus
2638 1687 2925 1750 variatur

695 1788 992 1851 voluntas
1031 1797 1181 1865 tua3
1245 1791 1401 1873 quia
1438 1811 1573 1852 non
1616 1799 1713 1853 est
1748 1788 2124 1852 immortalis
2152 1789 2471 1865 voluntaS,
2500 1809 2648 1870 quae
2684 1788 2820 1850 alia
2858 1797 2923 1849 et

698 1888 826 1951 alia
863 1896 978 1951 est.
1069 1891 1221 1954 Hoc
1262 1891 1331 1952 in
1371 1899 1725 1974 conspectu
1764 1901 1876 1955 tuo
1916 1892 2112 1954 claret
2138 1890 2319 1966 mihi,
2348 1899 2414 1952 et
2438 1889 2650 1969 inagis
2678 1889 2918 1968 magis·

699 2010 825 2072 que
869 1992 1199 2071 clarescat,
1247 2013 1357 2056 oro
1401 2001 1486 2074 te,
1532 2003 1725 2078 atque
1764 1993 1834 2055 in
1878 2014 1955 2056 ea
2004 1992 2517 2055 manifestatione
2568 1991 2917 2074 persistam

697 2093 950 2155 sobrius
979 2095 1099 2156 sub
1143 2095 1261 2158 alis
1301 2096 1448 2159 tuis,
1542 2097 1709 2160 Item
1752 2091 1980 2158 dixisti
2022 2093 2203 2170 mihi,
2236 2092 2535 2169 Domine,
2568 2112 2727 2156 voc-e
2768 2092 2917 2154 forti

695 2193 764 2254 in
807 2214 1024 2256 aurem
1067 2195 1450 2274 interiorem,
1491 2196 1668 2281 quod
1712 2217 1933 2259 omnes
1976 2203 2235 2258 naturas
2278 2203 2471 2278 atque
2519 2193 2918 2257 substantias

698 2314 844 2376 quae
881 2314 1014 2357 non
1057 2304 1207 2358 sunt
1254 2296 1430 2380 quod
1472 2307 1545 2360 tu
1588 2318 1679 2374 eS,
1714 2307 1778 2360 et
1818 2305 2033 2360 tamen
2079 2306 2247 2374 sunt,
2278 2305 2349 2359 tu
2388 2296 2640 2372 fecisti3
2686 2305 2755 2359 et
2788 2297 2915 2362 hoc

697 2394 903 2457 solum
949 2417 988 2459 a
1019 2405 1084 2458 te
1123 2418 1256 2460 non
1296 2406 1412 2476 est,
1443 2398 1619 2482 quod
1658 2420 1791 2461 non
1830 2407 1930 2461 est
1946 2422 1964 2476 ;
2008 2407 2349 2482 motusque
2378 2400 2730 2463 voluntatis
2761 2422 2804 2463 a
2832 2407 2915 2476 te,

697 2497 809 2581 qui
839 2519 930 2577 οε,
959 2497 1043 2561 ad
1071 2499 1141 2561 id
1173 2500 1348 2584 quod
1374 2501 1590 2565 minus
1618 2510 1735 2578 est,
1766 2501 1921 2587 quia
1947 2503 2095 2565 talis
2123 2510 2336 2564 motus
2369 2502 2679 2565 delictum
2720 2511 2913 2585 atque

695 2606 1035 2680 peccatum
1064 2597 1219 2677 est‘3
1263 2610 1328 2665 et
1366 2603 1546 2686 quod
1580 2605 1821 2666 nullius
1862 2611 2198 2686 peccatum
2244 2612 2354 2667 aut
2398 2604 2515 2666 tibi
2557 2613 2775 2681 nocet,
2806 2613 2914 2666 aut

694 2700 1026 2781 perturbat
1057 2700 1342 2764 ordinem
1379 2704 1633 2786 imperii
1660 2705 1755 2767 tui
1786 2705 1887 2766 vel
1918 2705 1989 2766 in
2016 2704 2223 2788 primo
2250 2705 2353 2767 vel
2380 2705 2449 2766 in
2479 2705 2611 2767 imo
2621 2712 2665 2766 Β.
2759 2705 2911 2767 Hoc

693 2800 764 2861 in
795 2810 1148 2883 conspectu
1173 2811 1285 2866 tuo
1309 2804 1504 2868 claret
1529 2805 1712 2883 mihi,
1743 2813 1808 2868 et
1832 2805 2040 2885 magis
2071 2805 2407 2888 magisque
2436 2806 2773 2885 clarescat,
2802 2825 2910 2867 oro

695 2908 779 2977 te,
810 2909 1002 2984 atque
1030 2903 1097 2965 in
1129 2925 1208 2967 ea
1234 2905 1744 2970 manifestatione
1772 2906 2109 2989 persistam
2140 2905 2387 2969 sobrius
2417 2907 2537 2969 sub
2568 2906 2692 2969 alis
2720 2907 2869 2970 tuis.

787 3001 884 3065 12.
931 3004 1098 3066 Item
1129 3003 1353 3068 dixisti
1381 3006 1541 3068 mihi
1584 3027 1741 3070 voce
1770 3006 1919 3070 forti
1958 3007 2029 3068 in
2072 3028 2286 3070 aurem
2312 3007 2703 3085 interiorem,
2733 3007 2911 3092 quod

692 3124 813 3167 nec
861 3103 972 3167 illa
1014 3114 1302 3170 creatura
1341 3108 1462 3170 tibi
1502 3115 1819 3171 coaeterna
1862 3117 1979 3185 est,
2023 3109 2207 3194 cujus
2252 3106 2592 3191 voluptas*
2622 3117 2699 3171 tu
2736 3109 2910 3171 solus
3006 3179 3008 3198 1

695 3224 786 3280 es,
816 3214 1009 3289 teque
1053 3208 1680 3289 perseverantissima
1708 3208 1999 3272 castitate
2012 3206 2034 3238 ¹¹
2061 3209 2381 3288 hauriens,
2411 3209 2908 3272 mutabilitatem
3007 3205 3008 3213 ’

695 3325 875 3368 suam
918 3328 1237 3390 nusquam
1269 3317 1334 3372 et
1374 3331 1707 3392 nunquam
1751 3311 1986 3374 exserit
2002 3314 2037 3388 ¹,
2077 3319 2143 3373 et
2184 3319 2246 3373 te
2292 3310 2417 3373 sibi
2453 3332 2709 3394 semper
2743 3333 2905 3394 prae-

695 3416 891 3483 sente,
915 3406 998 3469 ad
1027 3426 1218 3489 quem
1247 3417 1382 3472 toto
1413 3411 1651 3472 affectu
1678 3431 1747 3473 se
1775 3417 1967 3489 tenet,
1982 3432 2115 3473 non
2141 3411 2389 3474 habens
2417 3412 2703 3474 futurum
2732 3412 2907 3495 quod
3002 3453 3004 3468 ι

758 3566 784 3602 ¹¹
824 3567 906 3617 Sc.
932 3569 1325 3621 Manichoeorum.
1830 3573 1981 3648 prium
2017 3574 2211 3633 bonum,
2242 3584 2326 3624 aut
2366 3577 2428 3624 ad
2466 3576 2688 3634 exterius,
2724 3584 2812 3625 aut
2844 3578 2902 3625 ad
3000 3575 3002 3588 ²

758 3635 784 3662 θ
819 3632 924 3679 Nec
946 3633 1116 3682 frustra
1138 3634 1196 3682 de
1219 3635 1302 3683 illo
1325 3635 1502 3685 dictum
1532 3645 1618 3692 est,
1639 3637 1764 3702 quod
1828 3637 2035 3691 inferius.
2079 3649 2261 3704 peccat.
2326 3641 2404 3688 Ad
2437 3641 2675 3706 proprium
2710 3656 2904 3689 conver-

693 3693 824 3742 aolus
850 3694 1024 3744 habeat
1050 3697 1472 3748 immortalitatem:
1529 3718 1637 3750 nam
1674 3703 1761 3752 im·
1829 3701 1960 3758 titur,
1982 3719 2091 3751 cum
2128 3720 2225 3752 suie
2258 3706 2493 3768 potestatis
2525 3706 2629 3753 vult
2660 3721 2792 3754 esse:
2844 3706 2903 3753 ad

695 3757 955 3831 mortalitas
981 3761 1085 3825 ejus
1120 3778 1226 3811 vere
1255 3764 1579 3815 immortalitas
1606 3775 1692 3824 est,
1715 3766 1765 3814 in
1829 3767 2047 3822 exterius,
2072 3783 2179 3816 cum
2202 3769 2398 3816 aliorum
2429 3769 2636 3838 propria,
2662 3769 2737 3817 vel
2772 3785 2902 3833 quae·

693 3832 1011 3898 cujus-natura
1026 3826 1158 3874 nulla
1178 3837 1248 3874 est
1267 3831 1585 3879 commutatio.
1651 3832 1767 3897 Ipsa
1830 3845 2034 3894 cumque
2060 3831 2121 3879 ad
2144 3849 2193 3881 se
2228 3848 2319 3880 non
2356 3832 2591 3898 pertinent
2618 3849 2899 3897 cognoscere
2996 3831 2998 3834 ⁴

695 3896 763 3936 est
783 3896 923 3936 etiam
948 3905 1057 3938 vera
1080 3892 1314 3940 aeternitas
1332 3909 1438 3957 quae
1460 3903 1530 3942 oet
1547 3895 1765 3944 immuta·
1828 3895 2008 3943 studet:
2043 3896 2103 3944 ad
2122 3896 2329 3954 inferius,
2347 3913 2454 3945 cum
2476 3899 2771 3962 voluptatem
2800 3914 2898 3946 cor-

692 3951 801 4000 bilis
833 3952 986 4011 Deus..
1006 3955 1106 4003 sine
1126 3955 1272 4014 initio,
1295 3957 1394 4006 sine
1431 3959 1554 4018 fine;
1602 3975 1765 4008 conse·
1829 3959 1952 4024 poris
1981 3959 2158 4022 diligit;
2209 3970 2350 4024 atque
2383 3961 2447 4008 ita
2478 3961 2621 4009 hoino
2650 3963 2897 4027 superbus,
2994 3981 2996 3988 ·

691 4024 893 4128 {menter
913 4025 962 4066 et
979 4017 1357 4086 incorruptibilis.
1403 4023 1532 4088 Aug.
1554 4024 1614 4072 de
1631 4024 1765 4072 Trin.
1829 4023 2058 4080 curiosus,
2088 4035 2135 4072 et
2164 4025 2365 4073 lascivus
2396 4025 2523 4086 (vid.
2552 4027 2759 4100 sup-ad
2790 4026 2819 4072 1.
2850 4041 2895 4074 x.

714 4115 727 4129 ⁰
753 4082 965 4219 {va⁸·§vgs
977 4148 1287 4197 substantiam
1305 4151 1555 4213 quamdam
1581 4152 1757 4201 malum
1825 4090 1924 4200 {lig
1932 4090 2055 4212 liiitg:
2072 4091 2262 4218 {1222}ss
2270 4089 2895 4219 εέὲτῑῖξξξὲῗὶεᾶιῗέἓζιρὲὲἒοῒὶξ

691 4209 1009 4284 eae-dmum·
1057 4227 1142 4260 nos
1171 4228 1278 4261 vero
1304 4228 1399 4262 non
1429 4216 1757 4273 substantiam,
1825 4216 1949 4274 vitae,
1966 4233 2090 4265 mors
2107 4225 2191 4266 est.
2230 4218 2305 4266 Id.
2327 4218 2387 4265 de
2406 4217 2491 4266 lib.
2511 4219 2618 4266 arb.
2636 4218 2671 4266 l.
2689 4218 2742 4266 ii.
2763 4220 2803 4282 ς.
2818 4221 2893 4267 53.

691 4271 771 4318 sed
802 4272 1147 4323 inclinationem
1172 4277 1234 4324 ab
1256 4293 1312 4325 eo
1333 4280 1459 4343 quod
1494 4281 1643 4344 magis
1672 4291 1758 4336 est.
1823 4281 1917 4330 vid.
1939 4298 2046 4356 sup.
2071 4282 2103 4330 l.
2124 4282 2203 4330 vii.
2228 4297 2269 4329 c.
2298 4285 2373 4332 l6.

693 4335 753 4382 ad
775 4335 823 4383 id
845 4339 971 4400 quod
1003 4339 1158 4388 minus
1187 4348 1276 4398 est,
1301 4343 1477 4391 malum
1507 4359 1609 4392 esse
1638 4345 1758 4394 dici·
1886 4351 1911 4389 8
1952 4347 2064 4395 vid.
2086 4362 2193 4412 sup.
2215 4346 2249 4394 l.
2273 4363 2317 4395 v.
2340 4363 2383 4396 c.
2406 4348 2455 4395 2.
2480 4363 2529 4411 p.
2554 4346 2637 4394 63.
2661 4356 2711 4396 et
2734 4356 2822 4396 not.
2842 4348 2891 4394 b.

693 4413 814 4448 mus.
868 4401 1026 4464 (Aug.
1049 4419 1092 4451 c.
1121 4403 1376 4454 Secundin.
1409 4409 1546 4456 Man.
1576 4425 1622 4458 c.
1654 4410 1757 4464 12.)
1822 4425 1865 4459 c.
1886 4410 1937 4459 d.

695 4462 930 4513 Voluntas
950 4475 1107 4540 autem
1129 4483 1292 4517 aversa
1305 4472 1366 4518 ab
1382 4470 1758 4524 incommutabili
1891 4475 1915 4512 h
1958 4474 2065 4523 Vid.
2086 4491 2140 4523 su
2178 4511 2190 4522 .
2213 4474 2273 4523 ad
2297 4475 2329 4522 1.
2351 4475 2415 4523 iv.
2439 4476 2481 4537 §.
2501 4475 2548 4521 3.
2576 4490 2625 4538 p.
2652 4476 2733 4525 46.
2754 4491 2799 4522 n.
2821 4477 2867 4523 d.

692 4533 741 4574 et
771 4542 1008 4577 communi
1039 4532 1179 4591 bono,
1213 4542 1260 4582 et
1291 4549 1514 4586 conversa
1547 4537 1607 4586 ad
1654 4556 1757 4604 pro·
1888 4535 1905 4572 ¹
1940 4539 2051 4587 vid.
2073 4491 2226 4602 ἰιιῐῗξ.
2257 4542 2329 4588 19.
2346 4549 2394 4588 et
2410 4538 2475 4588 ib.
2506 4546 2603 4588 not.
