3042 5059
785 393 1508 463 CONFESSIONUM
1554 399 1841 465 LIBER
1883 399 1965 460 X.
2344 400 2469 466 18⁸

247 552 474 615 utrum
510 548 684 613 beati
723 569 864 611 esse
905 550 1154 626 vellent,
1201 549 1336 613 sine
1375 551 1509 616 ulla
1558 550 1975 630 dubitatione,
2006 551 2171 620 velle
2208 571 2471 634 respon·

251 646 502 712 derent.
594 648 788 720 Quod
823 670 956 712 non
993 649 1197 728 fieret,
1225 651 1353 714 nisi
1381 672 1484 716 res
1521 651 1668 734 ipsa
1696 650 1883 735 cujus
1924 653 2049 716 hoc
2078 672 2315 717 nomen
2354 659 2474 728 est,

245 769 478 812 eorum
504 749 810 815 memoria
838 757 1172 814 teneretur.

345 853 454 912 80.
502 849 838 933 Numquid
866 849 962 914 ita
988 851 1104 915 ut·
1123 852 1414 916 meminit
1435 851 1893 932 Carthaginem
1925 850 2036 934 qui
2058 850 2254 916 vidit?
2289 855 2471 918 Nonz
2538 864 2680 912 XXI.

253 949 390 1012 vita
441 951 614 1013 enim
661 952 852 1016 beata
899 972 1033 1014 non
1091 951 1346 1014 videtur
1401 952 1631 1038 oculis,
1674 951 1831 1034 quia
1878 971 2011 1012 non
2070 958 2167 1015 est
2218 973 2469 1035 corpus,
2490 928 2700 1040 {usuag-

254 1049 600 1132 Numquid
650 1048 822 1114 sicut
869 1051 1274 1116 meminimus
1323 1047 1659 1116 numeros?
1715 1052 1899 1113 Non:
1951 1050 2073 1112 hos
2126 1051 2297 1114 enim
2358 1053 2471 1136 qui
2490 1054 2673 1104 moria*

250 1150 458 1212 habet
478 1151 545 1212 in
565 1151 819 1229 notitia,
841 1173 972 1214 non
999 1152 1212 1216 adhuc
1237 1151 1466 1236 quaerit
1487 1150 1793 1234 adipisci3
1825 1150 2023 1214 vitam
2045 1172 2194 1214 vero
2217 1153 2473 1216 beatam
2489 1119 2702 1246 'Jffiffim'

251 1251 572 1314 habemus
601 1252 672 1315 in
701 1252 954 1328 notitia,
981 1252 1258 1335 ideoque
1290 1272 1577 1316 amamus
1589 1270 1645 1327 ·,
1674 1259 1738 1313 et
1772 1257 1987 1314 tamen
2026 1249 2301 1334 adipisci
2332 1272 2471 1316 eam
2488 1245 2715 1298 ‘mum‘-

251 1351 552 1416 volumus
574 1359 648 1414 ut
666 1352 840 1416 beati
863 1353 1082 1416 simus,
1173 1349 1511 1435 Numquid
1540 1350 1709 1414 sicut
1734 1350 2141 1414 meminimus
2165 1353 2471 1435 eloquen-

252 1450 453 1516 tiam?
508 1453 692 1515 Non:
741 1453 1034 1536 quamvis
1055 1453 1228 1518 enim
1242 1449 1270 1479 ⁴·
1295 1459 1360 1514 et
1387 1451 1514 1515 hoc
1535 1451 1795 1515 nomine
1822 1451 2043 1514 audito
2064 1453 2476 1520 recordentur

250 1551 468 1634 ipsam
497 1574 630 1616 rem
661 1553 776 1637 qui
811 1554 1008 1618 etiam
1045 1553 1330 1617 nondum
1371 1560 1522 1616 sunt
1559 1548 1954 1636 eloquentes,
1980 1552 2293 1636 multique
2330 1575 2471 1622 esse

251 1653 546 1736 cupiant,
577 1653 750 1716 unde
785 1662 1049 1738 apparet
1087 1675 1227 1718 eam
1259 1674 1400 1716 esse
1436 1653 1506 1714 in
1548 1673 1767 1716 eorum
1810 1651 2072 1729 notitia3
2117 1659 2330 1717 tamen
2356 1675 2475 1736 per

253 1754 546 1836 corporis
577 1775 804 1816 sensus
836 1753 996 1816 alios
1039 1755 1412 1837 eloquentes
1453 1750 2033 1816 animadverterunt
2072 1759 2137 1816 et
2174 1752 2472 1826 delectati

251 1863 414 1918 sunt
461 1863 526 1918 et
580 1855 712 1918 hoc·
768 1877 910 1926 esse
969 1855 1338 1920 desiderant
1397 1853 1789 1937 (quanquam
1848 1852 1975 1916 nisi
2034 1875 2121 1918 ex
2174 1855 2471 1924 interiore
2518 1895 2523 1902 -

251 1948 529 2018 notitia*
581 1975 715 2018 non
759 1954 1244 2034 delectarentur,
1291 1976 1500 2039 neque
1544 1955 1671 2018 hoc
1716 1975 1855 2018 esse
1899 1954 2137 2018 vellent
2178 1955 2307 2018 nisi
2362 1953 2471 2018 de-

253 2057 704 2136 lectarentur);
747 2057 1002 2120 beatam
1039 2077 1190 2120 vero
1212 2056 1408 2119 vitam
1445 2055 1625 2117 nullo
1663 2075 1855 2118 sensu
1896 2055 2181 2138 corporis
2216 2055 2287 2117 in
2328 2056 2473 2120 aliis

251 2156 649 2238 experimur.
741 2155 1080 2240 Numquid
1124 2155 1294 2222 sicut
1333 2154 1741 2218 meminimus
1786 2151 2127 2234 gaudium?
2178 2155 2473 2218 Fortasse

253 2257 372 2321 ita.
464 2258 636 2322 Nam
675 2257 982 2338 gaudium
1024 2277 1238 2320 meum
1275 2257 1470 2320 etiam
1514 2254 1713 2318 tristis
1748 2255 2033 2331 memini,
2064 2255 2234 2318 sicut
2275 2256 2474 2326 vitam

251 2360 517 2423 beatam
543 2357 763 2422 miser:
810 2379 1020 2440 neque
1048 2377 1334 2440 unquam
1363 2356 1649 2438 corporis
1692 2376 1885 2420 sensu
1926 2355 2233 2436 gaudium
2260 2377 2474 2419 meum

256 2460 365 2522 vel
395 2457 550 2535 vidi,
578 2459 681 2521 vel
720 2456 960 2536 andivi,
989 2458 1092 2520 vel
1129 2455 1432 2520 odoratus
1473 2477 1639 2533 sum,
1667 2457 1770 2518 vel
1808 2456 2085 2536 gustavi,
2113 2457 2215 2518 vel
2254 2457 2472 2536 tetigi;

257 2558 379 2622 sed
395 2564 698 2641 expertus
719 2579 862 2622 sum
883 2558 953 2620 in
973 2558 1188 2622 animo
1210 2577 1354 2620 meo
1378 2554 1635 2639 quando
1652 2556 1907 2619 laetatus
1930 2577 2093 2632 sum,
2116 2562 2183 2618 et
2204 2555 2477 2620 adhaesit

253 2659 404 2743 ejus
429 2658 664 2722 notitia
689 2657 1010 2722 memoriae
1049 2678 1231 2734 meae,
1261 2665 1333 2719 ut
1369 2655 1440 2719 id
1475 2655 1800 2720 reminisci
1839 2657 2086 2720 valeam
2124 2655 2475 2740 aliquando

257 2781 412 2824 cum
441 2759 908 2841 aspernatione,
937 2757 1286 2841 aliquando
1317 2778 1465 2820 cum
1505 2755 1841 2834 desideriO,
1872 2777 1991 2838 pro
2022 2777 2237 2820 earum
2267 2777 2475 2832 rerum

257 2859 628 2922 diversitate
657 2858 736 2922 de
777 2859 1014 2941 quibus
1050 2879 1152 2920 me
1195 2857 1484 2938 gavisum
1522 2876 1663 2920 esse
1702 2855 1984 2918 memini.
2076 2857 2247 2920 Nam
2288 2865 2357 2920 et
2394 2855 2477 2920 de

261 2959 566 3040 turpibus
595 2957 834 3038 gaudio
879 2955 1159 3041 quodam
1187 2956 1484 3038 perfusus
1513 2976 1677 3032 sum,
1708 2954 1886 3039 quod
1921 2977 2093 3020 nunc
2132 2957 2477 3024 recordans

259 3059 546 3122 detestor
571 3065 768 3141 atque
797 3079 1129 3133 exsecror3
1161 3055 1522 3140 ⁴aliquando
1556 3055 1636 3118 de
1661 3055 1853 3122 bonis
1874 3063 1941 3118 et
1966 3056 2275 3134 honestis,
2301 3056 2476 3138 quod

259 3158 640 3228 desiderans
689 3159 928 3234 recole,
973 3157 1224 3223 tametsi
1275 3158 1435 3220 forte
1483 3176 1617 3218 non
1664 3153 1919 3233 adsunt,
1964 3163 2028 3218 et
2077 3155 2223 3219 ideo
2275 3157 2475 3220 tristis

263 3259 574 3340 gaudium
602 3258 944 3342 pristinum
971 3259 1207 3324 recolo,

351 3363 455 3422 31.
503 3357 638 3422 Ubi
665 3378 823 3438 ergo·
849 3368 914 3422 et
942 3357 1202 3442 quando
1239 3364 1543 3438 expertus
1572 3378 1713 3420 sum
1751 3356 1947 3420 vitam
1976 3377 2185 3420 meam
2221 3358 2477 3426 beatam

261 3465 338 3522 ut
363 3457 656 3526 recorder
681 3479 846 3536 eam,
875 3467 942 3522 et
967 3479 1174 3524 amem
1203 3466 1270 3520 et
1303 3456 1697 3522 desiderem?
1732 3458 1873 3520 Nec
1904 3477 2025 3536 ego
2065 3464 2333 3532 tantum,
2364 3465 2476 3532 aut

259 3580 413 3628 cum
459 3559 710 3642 pauciS,
741 3559 856 3624 sed
896 3558 1074 3625 beati
1116 3579 1377 3641 prorsus
1427 3578 1651 3622 omnes
1694 3579 1835 3622 esse
1880 3557 2193 3620 volumus.
2283 3557 2475 3629 Quod

261 3658 390 3730 nisi
419 3666 594 3723 certa
620 3659 852 3722 notitia
878 3679 1233 3735 nossemuS,
1263 3679 1396 3721 non
1424 3665 1557 3721 tam
1588 3666 1763 3722 certa
1789 3659 2120 3722 voluntate
2149 3659 2473 3722 vellemus·

259 3756 399 3823 Sed
427 3756 589 3840 quid
615 3767 714 3822 est
749 3758 876 3822 hoc
917 3757 1077 3841 quid
1115 3758 1171 3822 si
1211 3765 1532 3840 quaeratur
1570 3779 1611 3820 a
1650 3756 1925 3835 duobuS,
1952 3766 2167 3821 utrum
2204 3757 2476 3820 militare

259 3859 486 3935 velint,
515 3858 654 3922 fieri
683 3859 892 3942 possit
919 3866 992 3924 ut
1031 3859 1189 3925 alter
1225 3879 1446 3921 eorum
1483 3859 1649 3922 velle
1686 3879 1781 3934 se,
1811 3859 1970 3920 alter
2006 3858 2177 3920 nolle
2216 3877 2477 3938 respon-

260 3957 444 4026 deut:
515 3959 570 4021 si
623 3967 834 4024 autem
887 3961 972 4022 ab
1029 3958 1126 4023 eis
1175 3964 1517 4041 quaeratur,
1562 3965 1775 4021 utrum
1826 3977 1968 4022 esse
2026 3955 2200 4019 beati
2257 3954 2479 4032 velint,

261 4064 535 4140 uterque
577 4079 649 4122 se
689 4058 906 4122 statim
947 4057 1085 4122 sine
1123 4058 1258 4122 ulla
1295 4056 1695 4120 dubitatione
1736 4053 1910 4118 dicat
1944 4061 2197 4136 optare3
2242 4074 2364 4132 nec
2394 4054 2479 4136 ob

261 4156 444 4220 aliud
484 4156 639 4219 velit
673 4157 784 4220 ille
823 4157 1116 4233 militare,
1144 4178 1265 4219 nec
1307 4157 1390 4219 ob
1435 4153 1614 4217 aliud
1652 4153 1773 4215 iste
1815 4153 1999 4228 nolit,
2035 4151 2163 4214 nisi
2200 4159 2273 4214 ut
2307 4152 2482 4214 beati

261 4255 432 4320 sint?
511 4258 687 4320 Num
703 4258 734 4288 ¹·
790 4258 952 4320 >forte
1013 4256 1320 4340 quoniam
1378 4254 1545 4318 alius
1593 4253 1769 4330 hino,
1821 4252 1987 4318 alius
2042 4250 2195 4317 inde
2246 4249 2486 4332 gaudet

263 4359 359 4422 ita
414 4379 482 4422 se
541 4381 766 4422 omnes
816 4361 1040 4422 beatos
1100 4379 1240 4422 esse
1299 4358 1464 4421 vel-le
1522 4363 1899 4432 consonant,
1944 4350 2483 4437 quemadmodum

265 4466 716 4537 consonarent,
763 4459 818 4522 si
865 4460 993 4532 hoc
1037 4459 1594 4552 interrogarentur,
1626 4478 1691 4519 se
1738 4453 1900 4518 velle
1950 4450 2248 4534 gaudere,
2293 4457 2483 4534 atque
