3042 5059
675 382 1392 447 CONFESSIONUM
1438 385 1724 448 LIBER
1767 387 1849 448 X.
2241 389 2359 452 169

140 533 362 600 Tacet
419 538 590 600 enim
650 538 941 620 strepitU,
994 539 1229 602 clamat
1285 541 1563 602 affecta·
1660 542 1891 625 Neque
1950 540 2162 605 enim*
2213 539 2361 607 dico

135 639 312 700 recti
358 637 605 722 aliquid
644 639 1036 715 hominibUS,
1080 639 1258 722 quod
1294 659 1427 702 non
1466 662 1506 703 a
1545 661 1647 703 me
1698 651 1771 706 tu
1814 643 1993 724 prius
2042 642 2359 720 audieris3

139 751 263 800 aut
291 739 486 802 etiam
516 749 584 802 tu
615 738 860 822 aliquid
902 741 1029 802 tale
1072 739 1257 802 audis
1299 761 1337 802 a
1370 762 1494 819 me,
1528 741 1705 824 quod
1731 763 1863 804 non
1892 743 2052 806 mihi
2081 751 2153 806 tu
2182 745 2361 826 prius

142 838 420 904 dixeris.

238 947 302 1005 3.
350 944 527 1016 Quid
551 945 714 1008 mihi
744 967 895 1026 ergo
926 954 1026 1009 est
1055 968 1201 1010 cum
1219 945 1592 1009 hominibus
1620 953 1694 1008 ut
1723 944 1988 1010 audiant
2013 946 2360 1010 confessio·-
2438 958 2543 1008 111.

139 1063 267 1105 nes
317 1066 514 1122 meas,
567 1046 753 1128 quasi
790 1046 919 1129 ipsi
953 1049 1260 1110 sanaturi
1309 1047 1440 1110 sint
1482 1067 1698 1110 omnes
1746 1049 2084 1128 lanquores
2130 1067 2301 1110 meos
2322 1046 2357 1110 5³
2380 1022 2490 1078 Q¹¹⁰

2378 1086 2533 1136 fructu

141 1144 498 1208 Curiosum
529 1168 732 1227 genus
762 1147 846 1210 ad
877 1147 1390 1229 cognoscendam
1418 1148 1617 1211 vitam
1646 1149 1939 1226 alienam,
1968 1147 2359 1212 desidiosum
2376 1151 2567 1202 confite-

140 1246 232 1310 ad
281 1248 724 1331 corrigendam
765 1272 964 1314 suam.
1056 1252 1231 1324 Quid
1269 1273 1308 1316 a
1344 1273 1446 1314 me
1481 1259 1779 1335 quaerunt
1816 1251 2035 1314 audire
2071 1252 2185 1335 qui
2220 1252 2360 1330 sim,
2376 1215 2600 1344 gffi'oep,

141 1347 266 1430 qui
327 1351 557 1412 nolunt
613 1372 654 1414 a
707 1358 772 1413 te
823 1351 1041 1415 audire
1089 1353 1199 1436 qui
1247 1351 1415 1416 sint?
1483 1353 1576 1416 Et
1625 1351 1796 1416 unde
1848 1352 2079 1429 sciunt,
2126 1374 2276 1416 cum
2320 1347 2482 1417 aq¹¹¹⁸
2503 1345 2579 1422 ⁸³².-

139 1449 404 1532 meipso
452 1450 532 1513 de
570 1451 817 1535 meipso
861 1453 1148 1530 audiunt,
1180 1475 1263 1517 an
1295 1474 1510 1517 verum
1542 1452 1789 1531 dicam3
1837 1454 2359 1539 quandoquidem
2377 1425 2599 1524 antiquus

139 1571 338 1613 nemo
391 1555 515 1615 scit
564 1541 896 1616 hominum
945 1555 1108 1637 quid
1153 1563 1394 1636 affatur
1449 1557 1522 1616 in
1582 1557 1858 1632 homine,
1908 1558 2039 1618 nisi
2087 1559 2361 1637 spiritus
2378 1553 2459 1600 ΡΒ·
2485 1553 2595 1614 102,

141 1652 434 1714 hominis
461 1655 678 1737 quiin
707 1656 848 1734 ipso
886 1663 981 1717 est
1005 1653 1038 1715 ,9
1110 1651 1192 1740 Si·
1221 1663 1434 1718 autem
1479 1677 1518 1718 a
1561 1665 1625 1718 te
1670 1654 1934 1718 audiant
1979 1655 2059 1719 de
2108 1618 2597 1755 seiPSiS⁹zl3⁵cor.2,

143 1773 284 1814 non
313 1762 613 1836 poterunt
641 1753 876 1832 dicere,
907 1757 1223 1820 Mentitur
1250 1757 1586 1820 Dominus·
1677 1756 1854 1828 Quid
1882 1765 1979 1820 est
2008 1757 2180 1820 enim
2218 1781 2258 1821 a
2296 1767 2357 1822 te
2378 1763 2455 1808 11.

145 1854 376 1918 audire
419 1855 500 1918 de
542 1877 632 1933 se,
673 1856 802 1918 nisi
843 1879 1230 1940 cognoscere
1273 1856 1388 1920 se?
1457 1857 1621 1929 Quis
1656 1879 1847 1941 porro
1898 1860 2252 1940 cognoscit,
2294 1867 2360 1921 et

146 1957 330 2034 dicit,
357 1959 638 2021 ,Falsum
683 1941 974 2038 estsnisi
1017 1960 1160 2043 ipse
1202 1959 1588 2024 mentiatur?
1666 1960 1797 2025 Sed
1856 1960 2011 2045 quia
2065 1963 2357 2024 charitas
2374 1977 2500 2028 Ibid.
2517 1979 2596 2035 13,

143 2061 372 2121 omma
417 2060 648 2136 credit,
686 2061 852 2123 inter
889 2083 1000 2124 eos
1033 2063 1257 2145 utique
1298 2082 1461 2145 quos
1501 2082 1833 2125 connexos
1874 2060 2131 2124 sibimet
2156 2083 2357 2126 unum
2374 2043 2421 2092 ⁷·

146 2158 324 2236 facit,
386 2182 507 2242 ego
579 2183 861 2245 quoque,
919 2163 1221 2240 Domine,
1281 2163 1474 2224 etiam
1547 2162 1640 2225 sic
1707 2161 1828 2225 tibi
1898 2161 2227 2240 confiteor,
2286 2170 2360 2226 ut

146 2260 418 2325 audiant
457 2263 772 2341 homines,
818 2264 1053 2346 quibus
1098 2263 1525 2326 demonstrare
1568 2284 1700 2326 non
1741 2284 2010 2346 possum
2069 2285 2153 2325 an
2209 2285 2360 2326 vera

147 2362 498 2440 confitear,
575 2363 690 2426 sed
747 2363 1016 2427 credunt
1070 2364 1232 2427 mihi
1291 2385 1563 2448 quorum
1620 2363 1781 2426 mihi
1839 2385 2023 2427 aures
2080 2363 2356 2427 charitas

147 2465 376 2545 aperit.

234 2570 297 2627 4.
347 2567 803 2630 Verumtamen
848 2575 941 2645 tu,
988 2566 1238 2631 medice
1289 2587 1470 2629 meus
1512 2565 1759 2643 intime,
1811 2585 1941 2648 quo
1979 2566 2191 2630 fructu
2230 2566 2357 2630 ista

142 2664 408 2743 faciam,
439 2667 656 2750 eliqua
691 2668 870 2730 mihi.
962 2670 1134 2731 Nam
1177 2667 1613 2730 confessiones
1655 2667 2115 2750 praeteritorum
2157 2669 2356 2730 malo-

141 2791 290 2831 rum
331 2791 642 2847 meorum,
683 2792 828 2855 quae
866 2773 1176 2834 remisisti
1225 2780 1291 2834 et
1336 2771 1565 2833 texisti
1612 2777 1687 2832 ut
1732 2769 1949 2833 beares
1992 2791 2095 2833 me
2142 2770 2211 2832 in
2270 2777 2355 2848 te,
2374 2787 2458 2836 Ps.
2482 2788 2563 2844 31,

140 2879 408 2935 mutans
451 2872 728 2936 animam
765 2893 972 2936 meam
1009 2873 1138 2936 fide
1179 2879 1242 2935 et
1281 2873 1693 2936 Sacramento
1722 2879 1856 2948 tu0,
1886 2893 2035 2935 cum
2060 2873 2359 2953 leguntur
2376 2853 2419 2898 ¹·

143 2981 212 3034 et
265 2972 637 3053 audiuntur,
689 2974 979 3037 excitant
1029 2995 1140 3038 cor
1192 2995 1276 3035 ne
1336 2972 1614 3035 dormiat
1668 2971 1738 3034 in
1799 2971 2240 3055 desperatione
2292 2980 2357 3035 et

141 3072 348 3150 dicat,
380 3074 536 3136 Non
563 3094 828 3155 possum
853 3098 870 3151 ;
935 3073 1050 3136 sed
1089 3072 1351 3154 evigilet
1386 3072 1457 3133 in
1493 3092 1709 3134 amore
1748 3070 2196 3136 misericordiae
2226 3080 2355 3136 tuae

141 3183 210 3237 et
238 3175 590 3238 dulcedine
635 3176 854 3256 gratiae
899 3183 1050 3253 tuae,
1079 3196 1212 3258 qua
1251 3182 1482 3256 potens
1521 3179 1621 3235 est
1650 3173 1859 3235 omnis
1898 3172 2210 3249 infirmuS,
2243 3174 2357 3256 qui

145 3277 276 3339 sibi
324 3299 446 3360 per
492 3276 700 3360 ipsam
748 3277 824 3340 fit
873 3276 1171 3340 conscius
1225 3273 1615 3358 infirmitatis
1674 3294 1826 3335 suae.
1932 3274 2023 3336 Et
2081 3272 2357 3338 delectat

140 3380 358 3440 bonos
405 3376 623 3440 audire
666 3378 987 3460 praeterita
1028 3378 1199 3440 mala
1241 3396 1461 3438 eorum
1501 3375 1616 3458 qui
1636 3373 1776 3458 jam
1806 3381 2025 3436 carent
2052 3375 2188 3449 eis3
2232 3396 2355 3439 nec

142 3480 296 3542 ideo
340 3479 617 3543 delectat
653 3479 808 3563 quia
850 3481 1022 3542 mala
1065 3485 1234 3555 sunt,
1276 3463 1389 3540 sed
1435 3476 1589 3559 quia
1630 3474 1888 3538 fuerunt
1920 3484 1984 3539 et
2015 3497 2147 3538 non
2186 3484 2352 3539 sunt.

148 3582 299 3653 Quo
329 3581 552 3664 itaque
580 3579 792 3644 fructu
820 3580 1100 3642 Domine
1128 3580 1310 3642 Deus
1338 3598 1520 3640 meus
1550 3577 1657 3639 cui
1699 3575 1985 3661 quotidie
2016 3577 2357 3641 confitetur

147 3682 552 3746 conscientia
592 3703 758 3758 mea,
803 3702 918 3764 spe
960 3678 1412 3743 misericordiae
1445 3687 1573 3742 tuae
1610 3677 1891 3766 securior
1933 3700 2127 3762 quam
2171 3679 2354 3743 inno-

147 3785 365 3849 centia
410 3807 566 3862 sua3
642 3807 772 3869 quo
814 3785 1044 3861 fructu,
1090 3804 1332 3867 quaeso,
1377 3783 1572 3845 etiam
1621 3781 1991 3845 hominibus
2036 3803 2248 3846 coram
2291 3789 2356 3843 te

147 3887 466 3952 confiteor
521 3908 636 3969 per
689 3886 808 3950 has
862 3885 1108 3948 litteras
1168 3882 1378 3947 adhuc
1439 3883 1589 3965 quis
1644 3902 1766 3962 ego
1828 3881 1969 3959 sim,
2018 3903 2149 3946 non
2208 3881 2355 3965 quis

143 3989 376 4052 fuerim
403 3987 424 4051 ?
474 3990 647 4051 Nam
673 3988 857 4050 illum
883 3986 1158 4050 fructum
1187 3985 1320 4048 vidi
1349 3992 1414 4046 et
1452 3982 1959 4047 commemoravi.
2050 3980 2180 4044 Sed
2210 3982 2357 4065 quis

146 4089 364 4153 adhuc
411 4089 556 4167 sim,
597 4110 749 4153 ecce
793 4088 862 4150 in
903 4087 1049 4170 ipso
1093 4094 1380 4170 tempore
1426 4082 1901 4148 confessionum
1949 4103 2253 4159 mearum,
2292 4089 2359 4146 et

142 4191 334 4253 multi
359 4190 487 4253 hoc
518 4211 708 4252 nosse
737 4189 1010 4272 cupiunt
1039 4187 1152 4271 qui
1182 4208 1286 4249 me
1313 4191 1629 4248 noverunt
1648 4193 1714 4247 et
1729 4205 1865 4245 non
1890 4203 1995 4245 me
2023 4193 2355 4261 noverunt,

146 4292 260 4376 qui
293 4313 381 4354 ex
409 4312 514 4354 me
543 4292 646 4353 vel
671 4288 753 4354 de
781 4311 883 4352 me
914 4288 1161 4373 aliquid
1191 4285 1565 4362 audierunt;
1611 4284 1725 4348 sed
1754 4285 1925 4348 auris
1968 4305 2187 4349 eorum
2222 4307 2355 4348 non

146 4401 246 4456 est
293 4391 378 4456 ad
432 4413 543 4455 cor
584 4413 819 4469 meum,
865 4390 980 4454 ubi
1038 4411 1160 4471 ego
1219 4409 1361 4451 sum
1421 4386 1813 4470 quicumque
1864 4407 2024 4448 sum.
2114 4386 2356 4448 Volunt

147 4516 301 4575 ergo
349 4492 570 4557 audire
621 4491 1036 4557 confitentem
1080 4513 1181 4554 me
1228 4488 1385 4573 quid
1430 4488 1571 4570 ipse
1627 4488 1802 4551 intus
1862 4488 2004 4565 sim,
2054 4508 2185 4570 quo
2234 4507 2354 4550 nec
