3042 5059
632 435 761 494 248
833 432 899 495 S.
946 430 1463 495 AUGUSTINI
1508 429 1928 496 EPISCOPI
1973 430 2234 495 CONF.
2279 432 2458 493 LIB.
2505 430 2664 493 XII.

630 606 845 651 veram
902 587 1281 651 sententiam
1324 586 1411 651 ad
1449 586 1576 649 hoc
1620 586 1903 671 apertius
1943 607 2270 670 ponerem,
2312 594 2386 648 ut
2426 584 2840 649 excluderem

636 696 919 766 caetem,
948 708 1217 772 quarum
1250 688 1497 751 falsitas
1522 708 1627 749 me
1654 709 1786 753 non
1813 698 2038 771 posset
2073 687 2412 751 offendere.
2504 686 2681 748 Nolo
2719 686 2838 745 ita·

634 813 785 875 que,
814 793 996 855 Deus
1022 813 1226 869 meus,
1254 800 1387 855 tam
1414 813 1708 875 praeceps
1737 813 1898 870 esse,
1923 800 2000 855 ut
2025 791 2153 855 hoc
2191 792 2376 853 illum
2413 790 2623 851 virum
2659 787 2742 849 de
2777 796 2838 849 te

634 892 941 955 meruisse
966 914 1099 955 non
1128 893 1400 957 credam.
1492 894 1710 957 Sensit
1731 894 1842 958 ille
1871 894 2132 957 omnino
2159 894 2230 955 in
2257 893 2364 955 his
2391 892 2628 967 verbiS,
2644 898 2838 974 atque

634 993 941 1074 cogitavit
978 1015 1129 1057 cum
1158 1014 1249 1079 9⁹⁴..
1264 994 1588 1072 scriberet,
1617 994 1934 1079 quidquid
1972 995 2080 1057 hic
2125 994 2258 1057 veri
2293 992 2626 1076 potuimus
2661 992 2835 1053 inve·

630 1094 791 1171 nire,
819 1103 886 1158 et
910 1094 1233 1180 quidquid
1258 1116 1381 1158 nos
1406 1116 1536 1158 non
1565 1096 1913 1179 potuimus,
1935 1104 2048 1159 aut
2071 1093 2358 1157 nondum
2385 1114 2755 1178 possumuS,
2775 1100 2842 1155 et

632 1204 847 1259 tamen
874 1197 943 1258 in
974 1196 1069 1258 eis
1094 1195 1367 1258 inveniri
1392 1203 1629 1278 potest.

394 1302 621 1377 xxxn.
720 1302 824 1360 48.
872 1298 1226 1376 PostremO,
1253 1298 1536 1362 Domine
1564 1299 1677 1383 qui
1705 1299 1892 1363 Deus
1921 1320 2012 1377 es,
2033 1306 2100 1363 et
2127 1319 2262 1361 non
2289 1318 2436 1362 caro
2455 1306 2523 1360 et
2543 1296 2836 1377 sanguis3

390 1368 549 1497 Q,
636 1400 691 1463 si
741 1399 902 1484 quid
959 1401 1153 1463 homo
1208 1399 1423 1464 minus
1480 1400 1642 1463 vidit
1658 1398 1712 1478 ⁸,
1760 1401 2078 1485 numquid
2135 1409 2202 1465 et
2261 1402 2590 1481 Spiritum
2647 1408 2834 1462 tuum

393 1506 511 1547 ’Μ
632 1502 863 1567 bonum
894 1504 1009 1587 qui
1036 1504 1310 1567 ded-acet
1342 1526 1445 1567 me
1470 1505 1544 1566 in
1573 1512 1817 1567 terram
1856 1513 2128 1584 rectam,
2153 1506 2350 1569 latere
2385 1502 2623 1585 potuit,
2651 1502 2837 1586 qnid-

394 1576 617 1691 3‘133?
635 1604 793 1690 quid
822 1626 964 1669 eras
992 1604 1061 1667 in
1090 1606 1185 1669 eis
1212 1605 1423 1668 verbis
1450 1612 1522 1666 tu
1549 1604 1692 1686 ipse
1716 1606 2108 1667 revelaturus
2143 1605 2508 1685 legentibus
2541 1606 2838 1686 posteriS,

389 1700 606 1805 :2332—
634 1710 885 1773 etiamsi
932 1710 1042 1773 ille
1084 1730 1201 1793 per
1248 1730 1442 1792 quem
1486 1707 1663 1771 dicta
1705 1716 1874 1788 sunt,
1915 1730 2112 1772 unam
2154 1707 2443 1772 fortassis
2488 1727 2576 1770 ex
2619 1708 2839 1770 multis

391 1829 484 1869 tur.
634 1815 800 1877 veris
850 1814 1231 1877 sententiam
1281 1810 1622 1893 cogitavit?
1715 1810 1908 1884 Quod
1949 1812 2007 1874 si
2049 1812 2142 1874 ita
2185 1819 2302 1888 est,
2347 1812 2435 1873 sit
2473 1809 2674 1891 igitur
2727 1812 2841 1875 illa

393 1901 479 2013 fg·
504 1902 616 1960 ¹⁴²·
632 1933 827 1997 quam
882 1913 1191 1995 cogitavit
1232 1912 1480 1976 coeteris
1522 1908 1899 1975 excelsior'.
1989 1912 2200 1975 Nobis
2256 1920 2492 1989 autem,
2535 1912 2840 1989 Domine,

458 1996 475 2013 ⁹
632 2022 745 2079 aut
770 2016 977 2096 ipsam
1008 2014 1395 2091 demonstra,
1422 2022 1538 2077 aut
1561 2031 1754 2095 quam
1780 2014 1998 2096 placet
2023 2014 2287 2076 alteram
2314 2034 2558 2091 veram3
2601 2022 2681 2076 ut
2709 2016 2838 2077 sive

630 2116 819 2179 nobis
846 2116 973 2178 hoc
1004 2112 1181 2197 quod
1206 2113 1401 2176 etiam
1428 2112 1526 2175 illi
1552 2112 1801 2175 homini
1830 2119 1962 2189 tue,
1993 2112 2127 2175 sive
2156 2113 2332 2177 aliud
2359 2135 2444 2177 ex
2473 2115 2840 2179 eorumdem

630 2218 965 2280 verborum
994 2215 1335 2279 occasione
1362 2213 1734 2297 patefacias,
1765 2220 1838 2275 tu
1865 2222 2077 2277 tamen
2103 2235 2336 2297 pascas
2362 2238 2506 2295 nos,
2521 2238 2658 2280 non
2675 2239 2842 2282 error

628 2316 862 2379 illudat
870 2318 911 2378 ⁸.
1000 2317 1201 2391 Ecce,
1240 2314 1519 2376 Domine
1559 2314 1746 2377 Deus
1779 2335 1983 2391 meus,
2013 2337 2208 2399 quam
2249 2317 2453 2381 multa
2493 2317 2576 2380 de
2612 2320 2841 2401 paucis

629 2420 865 2495 verbis,
904 2438 1099 2503 quam
1150 2417 1373 2494 multa,
1412 2437 1523 2479 oro
1561 2424 1647 2493 te,
1685 2416 2089 2501 scripsimus!
2181 2420 2344 2491 Quae
2380 2432 2620 2484 nostrae
2657 2423 2842 2501 vireS,

630 2542 777 2607 quae
805 2530 1094 2605 tempora
1123 2520 1423 2584 omnibus
1451 2519 1666 2583 Libris
1688 2520 1818 2583 tuis
1835 2520 1916 2584 ad
1931 2520 2128 2583 istum
2155 2522 2416 2585 modum
2437 2524 2838 2588 sufficient*?

629 2626 787 2689 Sine
824 2644 928 2687 me
964 2623 1183 2705 itaque
1220 2621 1478 2684 brevius
1514 2620 1586 2681 in
1625 2620 1720 2683 eis
1757 2620 2050 2685 confiteri
2087 2622 2230 2701 tibi,
2258 2631 2326 2686 et
2363 2625 2603 2705 eligere
2641 2648 2840 2689 unum

632 2724 883 2807 aliquid
920 2723 1097 2807 quod
1125 2732 1199 2785 tu
1224 2722 1634 2805 inspiraveris
1661 2742 1902 2799 verum,
1933 2730 2176 2785 certum
2205 2731 2272 2786 et
2295 2726 2560 2804 bonum,
2591 2728 2841 2791 etiamsi

630 2826 835 2888 multa
862 2824 1269 2900 occurrerint,
1296 2823 1411 2885 ubi
1438 2823 1643 2885 multa
1671 2842 2000 2886 occurrere
2038 2832 2368 2906 poterunt3
2413 2846 2491 2889 ea
2519 2826 2656 2891 fide
2693 2850 2841 2893 con-

628 2925 930 2989 fessionis
970 2946 1153 3002 meae,
1196 2932 1270 2987 ut
1314 2924 1371 2987 si
1414 2924 1538 2988 hoe
1585 2922 1810 2987 dixero
1854 2924 2029 3006 quod
2073 2926 2274 2989 sensit
2325 2928 2618 2992 minister
2673 2938 2842 3009 tuus,

631 3036 803 3093 recte
860 3036 1052 3111 atque
1112 3027 1385 3110 optime3
1445 3024 1515 3087 id
1565 3024 1738 3088 enim
1786 3026 2008 3088 conari
2053 3048 2158 3090 me
2205 3037 2484 3111 oportet:
2552 3032 2735 3113 quod
2791 3033 2841 3095 si

632 3138 967 3194 assecutus
1014 3150 1147 3191 non
1190 3128 1391 3204 fuero,
1442 3125 1528 3189 id.
1562 3132 1775 3189 tamen
1833 3125 2047 3191 dicam
2105 3128 2282 3212 quod
2337 3130 2502 3193 mihi
2541 3153 2667 3214 per
2709 3134 2842 3220 ejus

630 3232 827 3293 verba
852 3240 966 3294 tua
992 3229 1247 3293 Veritas
1290 3228 1501 3292 dicere
1539 3226 1831 3305 voluerit,
1859 3246 2005 3311 quae
2033 3228 2130 3293 illi
2158 3249 2416 3314 quoque
2453 3231 2630 3296 dixit
2669 3234 2843 3318 quod

632 3330 854 3394 voluit.

698 3529 726 3569 Ι·
760 3529 883 3577 Cum
905 3527 1087 3578 divinos
1106 3528 1251 3577 libros
1266 3528 1485 3593 legimus,
1500 3526 1552 3577 in
1571 3534 1707 3577 tanta
1769 3528 1896 3591 quod
1913 3528 2031 3577 fides
2040 3543 2156 3578 nant
2167 3530 2437 3595 prescribit.
2469 3532 2625 3581 Aliud
2637 3534 2839 3583 estenim

632 3592 931 3641 multitudine
950 3607 1163 3642 verorum
1183 3593 1528 3649 intellectuum,
1545 3592 1626 3657 qui
1646 3593 1706 3641 de
1769 3592 1882 3655 quid
1925 3592 2211 3659 potissimum
2259 3595 2467 3661 Scriptor
2505 3597 2704 3647 senserit
2753 3614 2845 3647 non

636 3656 1338 3771 522331132312353555‘55‘
1366 3656 1706 3768 ’ἕζῗὶἓξῗωῆἒιῗὶ
1769 3655 2442 3773 (ἑῗὲἓὲξύῗᾞὲἆῗμὴ
2473 3660 2847 3775 θῗὲῐῗὲθῗέιῖἵ

1200 3755 1214 3775 ,
1687 3749 1706 3760 ·
2202 3750 2214 3771 ι
2323 3761 2337 3781 ‚
2801 3744 2826 3775 Θ

635 3800 818 3849 gamus,
836 3784 962 3847 quod
984 3792 1158 3831 certum
1184 3736 1448 3859 appai’gerit
1470 3799 1578 3831 eum
1600 3799 1705 3832 sen·
1769 3784 1946 3834 fructus
1967 3738 2178 3850 legentis.
2236 3788 2286 3835 Si
2306 3740 2434 3837 veri?
2435 3798 2688 3853 utrumque
2711 3792 2844 3839 vitari

636 3850 747 3899 sisse
765 3864 904 3913 quem
928 3848 1143 3910 legimus.
1210 3850 1259 3897 Si
1282 3856 1435 3897 autem
1460 3847 1552 3895 hoc
1574 3849 1706 3908 ittet,
1771 3863 1864 3897 non
1897 3860 2064 3914 potest,
2094 3851 2232 3899 etiam
2277 3853 2316 3901 si
2349 3853 2596 3918 Scriptoris
2632 3854 2845 3905 voluntas

636 3914 685 3963 id
699 3924 824 3964 certe
840 3914 965 3977 quod
979 3912 1321 3962 circumstantia
1341 3912 1596 3978 Scriptum
1615 3928 1708 3963 non
1770 3912 1948 3962 incerta
1967 3915 2044 3975 sit,
2065 3930 2211 3963 sacrm
2234 3916 2342 3965 fidei
2361 3932 2623 3983 congruam
2645 3935 2739 3968 nou
2767 3921 2842 3969 in·

634 3980 844 4045 impedit,
867 3986 915 4027 et
936 3994 1044 4026 cum
1069 3992 1184 4026 sana
1204 3977 1293 4026 fide
1320 3978 1588 4026 concordat.
1655 3977 1705 4026 Si
1772 3977 1882 4027 utile
1899 3988 1968 4027 est
1981 3978 2156 4029 eruisse
2171 3981 2461 4031 sententiam.
2499 3986 2632 4048 Aug.
2645 3986 2705 4034 de
2719 3984 2842 4034 Gen.

634 4053 792 4093 autem
808 4052 858 4094 et
872 4043 1121 4108 Scriptura
1136 4042 1485 4092 circumstantia
1500 4048 1706 4106 pertnc-
1765 4043 1828 4092 ad
1852 4044 1945 4092 Lit.
1967 4044 2000 4091 l.
2023 4043 2058 4095 i.
2081 4044 2163 4092 fin.

635 4109 725 4161 tari
745 4117 793 4158 et
810 4107 981 4157 discuti
1002 4123 1095 4156 non
1116 4116 1283 4173 potest,
1295 4108 1459 4157 altem
1480 4106 1528 4155 id
1549 4105 1700 4155 solum
