3042 5059
359 1255 530 1303 xvll.

334 1320 432 1369 Ubi
443 1329 559 1366 tem·

331 1399 420 1449 pus
442 1398 562 1448 ιπε-

333 1447 520 1495 teritum

335 1524 382 1560 et
409 1515 536 1560 futu·

339 1592 456 1625 rum.

354 2384 398 2431 X
405 2383 449 2431 V
456 2381 477 2428 1
485 2381 503 2428 l
512 2381 553 2429 1.

345 2451 555 2504 Quomo-

343 2512 406 2559 do
427 2524 544 2574 pm-

342 2577 480 2623 terim
501 2581 547 2621 et

342 2640 500 2686 futura

343 2712 550 2769 tempora

341 2766 435 2815 siut
447 2782 564 2833 prm·

342 2835 508 2880 sentia.

563 391 689 449 216
1113 388 1178 450 S.
1225 387 1743 452 AUGUSTINI
1786 387 2204 452 EPISCOPI

563 538 726 603 illud
783 547 995 603 autem
1041 540 1364 625 simplum,
1415 550 1528 608 aut
1580 549 1827 606 tantum
1875 545 2003 606 hoc
2046 563 2189 606 esse
2234 547 2547 624 quantum
2590 534 2805 598 illud.-

568 639 699 704 Sed
735 642 1186 723 praetereuntia
1213 643 1512 706 metimur
1556 652 1848 728 tempora
1884 665 2034 710 cum
2075 641 2408 708 sentiendo
2444 638 2784 710 metimur;

565 740 889 826 praeterita
939 762 1104 805 vero.
1129 763 1273 826 quae
1307 741 1447 826 jam
1489 763 1623 806 non
1666 751 1836 819 sunt,
1880 751 1994 807 aut
2032 742 2247 805 futura
2296 761 2441 823 quae
2487 736 2787 800 nondum

569 849 738 919 sunt,
769 842 915 925 quis
941 841 1148 904 metiri
1178 841 1426 926 potest?
1473 843 1601 906 nisi
1629 843 1790 906 forte
1830 842 2093 906 audebit
2130 841 2279 926 quis
2316 840 2531 904 dicere
2570 837 2787 902 metiri

568 965 760 1028 posse
811 943 990 1028 quod
1028 965 1160 1006 non
1205 959 1320 1008 est.
1411 945 1579 1010 Cum
1619 967 1773 1027 ergo
1816 945 2097 1028 praeterit
2138 951 2411 1028 tempuS‚
2450 941 2673 1008 sentiri
2716 948 2791 1002 et

567 1046 776 1110 metiri
815 1054 1066 1130 potest;
1125 1067 1272 1110 cum
1305 1055 1516 1110 autem
1558 1047 1951 1130 praeterierit,
1983 1047 2293 1131 quoniam
2332 1065 2463 1108 non
2499 1053 2620 1121 est,
2648 1062 2789 1104 non

570 1154 800 1230 potest.

660 1253 763 1310 22.
810 1249 1066 1325 Quaero,
1097 1249 1305 1326 Pater,
1334 1270 1468 1312 non
1511 1251 1797 1312 affirmo:
1845 1250 2027 1312 Deus
2067 1269 2273 1324 meus,
2300 1243 2577 1328 praeside
2618 1240 2789 1304 mihi

575 1358 641 1414 et
687 1371 836 1430 rege
887 1371 1009 1412 me.
1119 1350 1161 1382 “
1191 1349 1504 1421 Quisnam
1556 1358 1655 1413 est
1704 1350 1815 1434 qui
1868 1349 2042 1413 dicat
2082 1348 2245 1411 mihi
2292 1368 2424 1410 non
2470 1365 2613 1408 esse
2663 1342 2795 1404 tria

575 1459 884 1534 tempora,
915 1450 1085 1512 sicut
1125 1451 1310 1531 pueri
1336 1449 1700 1528 didicimus,
1730 1471 2091 1534 puerosque
2136 1448 2495 1525 docuimuS,
2523 1453 2792 1528 praeter-

575 1554 756 1629 itum,
785 1573 1091 1635 praesens,
1121 1561 1188 1614 et
1216 1552 1525 1630 futurum3
1574 1552 1687 1616 sed
1724 1561 1973 1617 tantum
2002 1573 2307 1634 praesens,
2338 1549 2644 1633 quoniam
2673 1547 2797 1610 illa

576 1653 704 1717 duo
733 1675 864 1716 non
896 1651 1081 1716 sunt?
1129 1653 1232 1714 An
1253 1660 1319 1714 et
1337 1653 1482 1735 ipsa
1505 1661 1674 1730 sunt,
1697 1653 1810 1716 sed
1832 1675 1917 1716 ex
1938 1653 2157 1736 aliquo
2185 1649 2480 1734 procedit
2506 1649 2793 1726 occulto,

577 1779 724 1824 cum
759 1777 845 1818 ex
889 1755 1100 1818 futuro
1147 1752 1224 1816 fit
1271 1773 1555 1835 praesens
1570 1777 1587 1830 3
1632 1763 1697 1817 et
1728 1754 1796 1816 in
1836 1752 2102 1837 aliquod
2148 1750 2392 1817 recedit
2432 1752 2795 1824 occultum,

577 1879 724 1921 cum
769 1877 854 1919 ex
896 1854 1197 1937 praesenti
1240 1853 1317 1915 fit
1357 1853 1784 1936 praeteritum?
1838 1856 2012 1918 Nam
2054 1854 2169 1917 ubi
2212 1874 2289 1916 ea
2332 1851 2629 1915 viderunt
2674 1849 2795 1933 qui

576 1961 787 2022 sutura
813 1956 1200 2030 cecinerunt,
1231 1953 1286 2016 si
1322 1953 1611 2016 nondum
1642 1955 1825 2018 sunt?
1876 1958 2109 2039 Neque
2134 1956 2307 2019 enim
2343 1962 2559 2039 potest
2584 1953 2795 2014 videri

578 2060 648 2124 id
699 2057 874 2144 quod
932 2078 1064 2120 non
1123 2064 1237 2119 est.
1347 2057 1440 2120 Et
1496 2057 1610 2140 qui
1658 2067 1917 2122 narrant
1972 2059 2313 2142 praeterita,
2370 2078 2505 2120 non
2562 2057 2799 2139 utique

578 2157 966 2235 narrarent',
995 2159 1053 2220 si
1093 2159 1309 2221 animo
1342 2158 1455 2222 illa
1491 2179 1625 2220 non
1672 2173 2033 2225 cernerent:
2082 2183 2227 2244 quae
2266 2160 2322 2222 si
2354 2159 2533 2222 nulla
2576 2167 2803 2222 essent

581 2263 756 2328 cerni
785 2261 1044 2324 omnino
1074 2281 1206 2321 non
1234 2269 1514 2341 possent.
1605 2261 1770 2324 Sunt
1796 2283 1949 2342 ergo
1978 2272 2043 2325 et
2068 2261 2281 2325 sutura
2308 2271 2373 2324 et
2395 2259 2783 2344 praeterita.’‘

669 2368 771 2427 23.
821 2362 974 2426 Sine
1023 2382 1147 2436 me,
1193 2359 1496 2438 Domine,
1550 2364 1827 2445 amplius
1876 2385 2189 2447 quaerere3
2248 2384 2397 2445 spes
2439 2383 2608 2439 mea,
2660 2383 2801 2423 non

585 2467 998 2530 conturbetur
1036 2462 1308 2524 intentio
1353 2484 1513 2525 mea.
1606 2464 1677 2548 Si
1707 2465 1879 2526 enim
1922 2473 2072 2528 sunt
2097 2465 2309 2528 futura
2348 2471 2415 2526 et
2446 2463 2799 2546 praeterita,

577 2569 726 2630 volo
757 2565 918 2630 scire
963 2563 1075 2626 ubi
1105 2563 1249 2625 sint.
1338 2562 1533 2636 Quod
1566 2565 1621 2628 si
1651 2565 1939 2629 nondum
1980 2567 2185 2643 valeo,
2216 2566 2351 2629 scio
2391 2572 2607 2628 tamen
2647 2564 2799 2626 ubi·

581 2687 857 2750 cumque
917 2672 1087 2741 sunt,
1145 2684 1276 2725 non
1331 2663 1426 2726 ibi
1483 2686 1563 2728 ea
1620 2665 1834 2729 futura
1888 2687 2053 2744 esse,
2110 2674 2221 2730 aut
2275 2665 2618 2748 praeterita‚
2680 2663 2800 2726 sed

580 2767 940 2851 praesentia.
1033 2765 1204 2827 Nam
1235 2764 1290 2826 si
1318 2771 1383 2826 et
1409 2764 1504 2827 ibi
1532 2765 1743 2830 futura
1772 2775 1941 2844 sunt,
1967 2766 2257 2830 nondum
2284 2767 2380 2829 ibi
2410 2774 2595 2842 sunt5
2644 2765 2701 2828 si
2731 2772 2799 2826 et

579 2870 674 2932 ibi
713 2867 1035 2952 praeterita
1077 2872 1247 2943 sunt,
1265 2863 1404 2948 jam
1433 2887 1565 2928 non
1600 2867 1696 2929 ibi
1736 2875 1903 2932 sunt.
1994 2868 2409 2955 Ubicumque
2450 2886 2607 2946 ergo
2644 2873 2801 2928 sunt

585 2989 1009 3055 quaecumque
1045 2973 1213 3042 sunt,
1240 2986 1372 3028 non
1407 2974 1557 3030 sunt
1581 2968 1710 3030 nisi
1752 2969 2112 3052 praesentia.
2205 2969 2594 3051 Quanquam
2627 2988 2795 3049 prae-

584 3073 770 3136 terita
810 3092 957 3133 cum
998 3089 1147 3131 vera
1186 3077 1539 3145 narrantur,
1589 3090 1675 3132 ex
1716 3070 2021 3132 memoria
2058 3069 2463 3152 proferuntur
2510 3088 2646 3130 non
2696 3087 2809 3130 res·

581 3176 742 3257 ipsae
793 3193 938 3255 quae
986 3168 1444 3252 praeterierunt,
1497 3167 1613 3232 sed
1659 3172 1853 3234 verba
1900 3177 2216 3253 concepta
2266 3191 2352 3232 ex
2401 3167 2805 3250 imaginibus

584 3294 822 3348 earum,
853 3293 999 3355 quae
1042 3271 1113 3332 in
1159 3270 1373 3333 animo
1417 3270 1595 3333 velut
1621 3271 1893 3352 vestigia
1935 3292 2050 3353 per
2080 3274 2307 3334 sensus
2352 3266 2803 3352 praetereundo

584 3374 883 3437 fixerunt.
973 3370 1256 3434 Pueritia
1299 3371 1545 3453 quippe
1570 3393 1717 3434 mea
1744 3394 1889 3456 quae
1922 3372 2062 3455 jam
2090 3393 2223 3434 non
2266 3380 2384 3448 est,
2412 3372 2483 3433 in
2510 3377 2799 3452 tempore

583 3474 905 3558 praeterito
935 3480 1036 3536 est
1063 3470 1240 3555 quod
1258 3471 1398 3555 jam
1425 3490 1558 3534 non
1590 3481 1707 3549 est,
1737 3473 2080 3554 imaginem
2124 3494 2275 3536 vero
2304 3471 2443 3555 ejus
2473 3493 2627 3536 cum
2656 3491 2797 3533 eam

585 3575 800 3637 recolo
842 3582 906 3636 et
929 3593 1137 3647 nano,
1164 3572 1234 3633 in
1275 3573 1579 3654 praesenti
1620 3581 1905 3656 tempore
1946 3574 2217 3652 intueor,
2247 3573 2401 3658 quia
2442 3579 2541 3634 est
2584 3570 2803 3634 adhuc

587 3675 658 3736 in
686 3671 990 3735 memoria
1015 3692 1176 3734 mea.
1267 3672 1498 3735 Utrum
1539 3674 1766 3738 similis
1795 3696 1991 3738 causa
2018 3675 2104 3738 sit
2138 3676 2331 3738 etiam
2356 3672 2803 3757 praedicendo-

589 3795 727 3836 rum
763 3773 1134 3847 futurorum,
1173 3778 1247 3833 ut
1287 3792 1496 3834 rerum
1537 3796 1682 3857 quae
1724 3775 2013 3838 nondum
2057 3783 2227 3854 sunt,
2263 3774 2403 3858 jam
2442 3775 2803 3838 existentes

591 3872 1076 3958 praesentiantur
1100 3870 1484 3952 imagines'3
1526 3874 1854 3953 confiteor,
1873 3877 2054 3940 Deus
2081 3897 2285 3953 meus,
2312 3875 2555 3938 nescio,
2624 3871 2803 3936 Illud

593 3995 746 4038 sane
775 3973 933 4049 sci0‚
953 3993 1074 4034 nos
1101 3973 1478 4056 plerumque
1505 3975 1934 4056 praemeditari
1954 3977 2195 4040 futuras
2220 3977 2505 4040 actiones
2524 3981 2804 4050 nostras,

592 4096 858 4158 eamque
915 4073 1529 4156 praemeditationem
1578 4097 1718 4139 esse
1760 4086 2163 4160 praesentem‚
2214 4078 2531 4142 actionem
2584 4091 2803 4140 autem

595 4197 788 4260 quam
837 4172 1351 4257 praemeditamur
1398 4176 1689 4240 nondum
1732 4200 1895 4257 esse,
1946 4180 2103 4263 quia
2150 4179 2363 4244 futura
2410 4186 2539 4255 est3
2604 4199 2799 4262 quam

595 4298 742 4340 cum
772 4275 1058 4356 aggressi
1083 4275 1408 4353 fuerimUS,
1437 4286 1502 4340 et
1532 4277 1709 4361 quod
1739 4273 2340 4362 praemeditabamur
2366 4300 2556 4360 agere
2584 4300 2801 4362 coepe-

593 4380 814 4455 rimuS,
843 4387 997 4442 tunc
1041 4379 1158 4442 erit
1195 4379 1307 4442 illa
1339 4381 1531 4459 acti0,
1563 4383 1717 4465 quia
1757 4390 1911 4447 tunc
1952 4404 2085 4446 non
2122 4383 2331 4447 futura
2362 4381 2475 4446 sed
2514 4403 2801 4464 praesens

599 4477 760 4539 est'.
