3042 5059
670 410 754 469 ⁵8
1225 403 1292 468 S.
1337 401 1857 469 AUGUSTINI
1902 400 2323 467 EPISGOPI

667 559 820 643 ipsi,
856 568 922 624 et
961 558 1381 643 vituperando
1425 568 1616 643 atque
1660 557 2017 643 spernendo
2054 579 2133 623 ea
2168 558 2314 642 ipsa
2352 566 2701 636 narrarent,
2738 580 2873 622 non

669 659 1048 726 accenderer
1082 661 1151 723 in
1193 682 1342 725 eum
1381 668 1447 724 et
1480 682 1615 725 non
1652 661 1985 727 excitarer.
2073 660 2166 723 Et
2206 668 2374 725 certe
2410 680 2514 723 res
2550 681 2686 725 non
2728 661 2873 725 aliae

666 762 893 839 forent,
929 783 1050 826 nec
1082 763 1279 826 homo
1318 762 1459 847 ipse
1497 763 1693 839 alius3
1762 760 1877 825 sed
1918 758 2359 825 tannimmodo
2398 760 2563 824 alius
2602 764 2874 825 affectus

665 864 1075 927 narrantium.
1163 865 1342 927 Ecce
1375 865 1489 928 ubi
1520 863 1702 949 jacet
1736 863 1952 927 anima
1986 862 2263 939 infirma,
2297 861 2585 925 nondum
2621 864 2877 927 haerens

668 965 976 1028 soliditati
1022 964 1322 1028 veritatis.
1429 965 1614 1029 Sicut
1670 986 1841 1029 aurae
1896 963 2261 1045 linguarum
2304 963 2595 1027 flaverint
2638 985 2678 1026 a
2720 985 2874 1047 pec·

665 1067 913 1131 toribus
946 1066 1379 1149 opinantium;
1438 1067 1533 1130 ita
1563 1067 1760 1131 fertur
1791 1074 1857 1130 et
1886 1065 2166 1141 vertitur,
2198 1071 2529 1148 torquetur
2560 1085 2638 1128 ac
2676 1073 2873 1129 retor-

667 1177 916 1254 quetur,
944 1176 1010 1231 et
1045 1168 1455 1231 obnubilatur
1494 1168 1557 1231 ei
1592 1168 1830 1245 lumen,
1860 1174 1927 1229 et
1962 1187 2092 1229 non
2130 1165 2406 1229 cernitur
2440 1166 2694 1229 veritas.
2786 1167 2876 1229 Et

666 1291 818 1334 ecce
847 1277 947 1333 est
971 1278 1120 1333 ante
1146 1290 1286 1332 noS.
1375 1271 1466 1332 Et
1501 1290 1806 1350 magnum
1846 1266 2151 1352 quiddam
2189 1266 2351 1329 mihi
2382 1276 2541 1345 erat,
2570 1267 2628 1331 si
2666 1288 2875 1331 sermo

663 1392 846 1434 meus
873 1380 939 1434 et
965 1372 1180 1435 studia
1207 1392 1350 1435 mea
1375 1372 1474 1435 illi
1501 1371 1639 1434 viro
1668 1372 2156 1435 innotescerent.
2247 1370 2409 1443 Quae
2454 1370 2510 1433 si
2550 1372 2876 1453 probaret,

664 1473 997 1553 flagrarem
1027 1451 1266 1553 magis3
1313 1473 1369 1535 si
1398 1480 1613 1537 autem
1641 1472 2051 1556 improbaret,
2081 1471 2471 1535 sauciaretur
2498 1492 2611 1535 cor
2638 1492 2877 1535 vanum

666 1584 732 1639 et
787 1576 977 1639 inane
1035 1575 1374 1639 soliditatis
1418 1583 1566 1639 tuae.
1677 1576 1768 1638 Et
1816 1584 2031 1639 tamen
2079 1573 2420 1657 pulchrum
2466 1571 2634 1636 illud
2682 1580 2875 1657 atque

665 1684 909 1760 aptum,
937 1675 1111 1739 unde
1139 1676 1224 1739 ad
1252 1697 1400 1741 eum
1431 1676 1830 1759 scripseram,
1858 1676 2132 1739 libenter
2158 1675 2371 1737 animo
2401 1676 2764 1753 versabam,
2794 1676 2874 1738 ob

667 1798 739 1839 os
769 1778 1328 1861 contemplationis
1355 1799 1514 1841 meae
1530 1774 1583 1854 ³,
1612 1785 1679 1840 et
1704 1778 1883 1839 nullo
1914 1775 2342 1841 collaudatore
2370 1775 2667 1838 mirabar.

480 1897 592 1946 xv.
753 1884 856 1940 24.
903 1878 1035 1943 Sed
1065 1886 1258 1942 tantae
1295 1879 1388 1941 rei
1431 1876 1756 1942 cardinem
1794 1877 1864 1941 in
1906 1884 2040 1941 arte
2076 1885 2189 1940 tua
2224 1876 2512 1939 nondum
2550 1874 2873 1953 videbam,

428 1961 642 2073 22⁰⁶&
668 1979 1112 2062 OmnipotenS,
1131 1982 1247 2062 qui
1255 1980 1444 2062 facis
1462 1978 1798 2042 mirabilia
1818 1980 2018 2041 solus:
2057 1986 2124 2041 et
2141 1978 2278 2041 ibat
2294 1977 2545 2041 animus
2560 1998 2749 2040 meus
2765 1998 2875 2059 per

429 2042 571 2166 libzi?-
613 2155 622 2165 ι
666 2080 902 2143 formas
921 2101 1292 2163 corporeas3
1337 2088 1404 2143 et
1421 2082 1460 2114 ‘⁶
1484 2081 1883 2163 pulchrum,”
1903 2080 2081 2164 quod
2095 2100 2208 2163 per
2228 2078 2532 2163 seipsum,
2551 2080 2592 2112 “
2614 2079 2873 2162 aptum'’

429 2170 648 2268 ζζζζῗζζ
666 2192 902 2259 autem,
946 2180 1122 2267 quod
1163 2183 1246 2247 ad
1286 2184 1535 2267 aliquid
1574 2184 2145 2261 accommodatum,
2175 2183 2448 2259 deceret,
2482 2182 2874 2245 definiebam

429 2284 641 2332 tenebra.
667 2292 735 2347 et
767 2284 1263 2366 distinguebam,
1301 2293 1368 2348 et
1403 2285 1723 2369 exemplis
1765 2285 2086 2368 corporeis
2128 2284 2505 2347 astruebam.
2593 2284 2689 2346 Et
2724 2304 2871 2346 con·

429 2356 649 2478 ἱζῖᾏῑῖοη
667 2386 826 2449 verti
865 2406 969 2448 me
1007 2386 1092 2449 ad
1129 2385 1326 2449 ammi
1363 2395 1685 2463 naturam3
1748 2395 1814 2449 et
1848 2408 1980 2449 non
2020 2406 2125 2448 mo
2164 2385 2418 2448 sinebat
2451 2384 2615 2447 falsa
2654 2384 2874 2467 opinio

430 2490 599 2553 0⁸1³?'0
669 2506 862 2572 quam
893 2485 972 2549 de
1001 2486 1440 2570 spiritualibus
1476 2487 1817 2563 habebam,
1847 2507 2067 2548 verum
2104 2505 2377 2547 cernere.
2466 2484 2561 2547 Et
2594 2484 2877 2546 irruebat

429 2551 614 2656 :pingan-
668 2587 738 2649 in
769 2588 990 2650 oculos
1019 2587 1164 2669 ipsa
1188 2586 1289 2648 vis
1323 2587 1476 2664 veri,
1507 2594 1573 2649 et
1610 2588 1970 2650 avertebam
2004 2586 2425 2669 palpitantem
2463 2593 2751 2647 mentem
2795 2584 2873 2647 ab

431 2686 515 2797 f·-
541 2687 652 2741 135,
667 2689 1042 2771 incorporea
1076 2710 1144 2751 re
1189 2687 1273 2752 ad
1313 2688 1721 2765 lineamenta,
1760 2697 1825 2751 et
1858 2689 2124 2762 colores,
2157 2696 2223 2750 et
2264 2694 2581 2749 tumentes
2624 2684 2875 2765 magni-

465 2784 478 2797 ’
669 2788 941 2853 tudineS.
1029 2790 1124 2851 Et
1150 2788 1305 2874 quia
1331 2810 1462 2852 non
1500 2800 1789 2872 poteram
1825 2810 1903 2852 ea
1938 2788 2152 2851 videre
2192 2790 2262 2851 in
2300 2788 2537 2865 animo,
2566 2787 2880 2870 putabam

668 2912 772 2953 me
827 2910 960 2953 non
1015 2911 1208 2973 posse
1263 2888 1478 2953 videre
1539 2889 1820 2952 animum
1878 2910 2109 2952 meum.
2205 2890 2300 2952 Et
2340 2910 2488 2952 cum
2530 2890 2601 2951 in
2649 2888 2879 2951 virtute

667 3012 897 3074 pacem
927 3012 1224 3069 amarem,
1253 2992 1323 3053 in
1361 2991 1707 3055 vitiositate
1744 2998 1957 3054 autem
2000 2990 2279 3053 odissem
2321 2990 2748 3066 discordiam3
2812 2990 2880 3051 in

666 3093 782 3156 illa
816 3093 1148 3171 unitatem,
1188 3092 1257 3154 in
1297 3092 1424 3156 ista
1461 3091 1807 3176 quamdam
1846 3091 2226 3154 divisionem
2252 3093 2574 3154 notabam.
2666 3092 2881 3174 Inque

667 3193 782 3257 ina
807 3194 1052 3256 unitate
1079 3213 1261 3255 mens
1296 3191 1659 3255 rationalise
1689 3201 1754 3255 et
1777 3199 2005 3255 natura
2032 3192 2316 3255 veritatis
2346 3214 2421 3255 ac
2454 3192 2687 3255 summi
2720 3192 2881 3255 boni

667 3293 826 3355 mihi
856 3314 996 3356 esse
1026 3293 1386 3356 videbatur:
1433 3294 1503 3355 in
1530 3294 1659 3356 ista
1684 3314 1833 3356 vero
1862 3292 2177 3357 divisione
2204 3293 2660 3358 irrationabilis
2681 3294 2835 3356 vitae
2848 3290 2878 3321 ⁸*

666 3392 886 3455 nescio
931 3414 1124 3475 quam
1169 3393 1591 3457 substantiam
1632 3401 1698 3457 et
1737 3400 2028 3457 naturam
2068 3395 2300 3457 summi
2336 3394 2514 3472 mali,
2557 3415 2705 3478 quae
2746 3414 2876 3455 non

669 3495 875 3556 solum
904 3502 1075 3556 esset
1101 3494 1481 3572 substantia,
1513 3492 1628 3557 sed
1656 3494 1917 3558 omnino
1946 3494 2080 3558 vita
2110 3504 2299 3573 esset,
2325 3505 2393 3559 et
2419 3503 2633 3559 tamen
2666 3496 2787 3557 abs
2815 3502 2877 3557 te

667 3614 798 3656 non
843 3603 1030 3673 esset,
1074 3595 1256 3657 Deus
1299 3616 1500 3672 meuS,
1538 3617 1622 3658 ex
1668 3616 1797 3678 quo
1842 3602 1992 3657 sunt
2034 3597 2269 3674 omnia,
2307 3597 2501 3659 miser
2542 3596 2878 3678 opinabar.

667 3696 759 3757 Et
785 3702 998 3757 tamen
1025 3697 1203 3759 illam
1223 3696 1561 3759 monadem
1584 3696 2010 3779 appellabam,
2030 3704 2337 3781 tanquam
2358 3697 2497 3760 sine
2514 3698 2647 3759 ullo
2674 3717 2843 3759 sexu
2856 3699 2881 3730 '¹

666 3804 944 3859 mentem
967 3795 997 3823 ³
1021 3821 1039 3875 ;
1113 3799 1282 3861 hanc
1339 3819 1489 3860 vero
1550 3797 1844 3880 dyadem,
1891 3798 2051 3861 iram
2123 3800 2193 3861 in
2255 3799 2669 3875 facinoribuS,
2723 3798 2880 3861 libi-

668 3894 883 3957 dinem
925 3895 994 3956 in
1037 3896 1318 3977 flagitiis,
1348 3896 1643 3959 nesciens
1687 3894 1846 3978 quid
1885 3895 2197 3979 loquerer.
2272 3897 2427 3958 Non
2465 3895 2636 3959 enim
2678 3916 2880 3959 nove-

666 4016 802 4061 ram
846 4017 1056 4080 neque
1107 3996 1475 4074 didiceram,
1525 4018 1647 4059 nec
1695 3997 1891 4059 ullam
1942 3997 2363 4061 substantiam
2412 3998 2651 4060 malum
2711 4018 2879 4073 esse,

731 4156 757 4184 Φ
790 4152 925 4200 Licet
959 4150 1254 4201 subtilissime
1288 4151 1554 4206 disseratur,
1587 4150 1735 4215 ipsam
1801 4150 1891 4199 hac
1912 4151 2292 4217 obtemperante:
2328 4151 2376 4199 in
2410 4151 2502 4201 hac
2534 4158 2695 4200 tamen
2724 4150 2881 4200 distri-

667 4224 870 4265 mentem
893 4215 1092 4264 hominis
1112 4216 1161 4264 111
1180 4230 1276 4281 qua
1295 4215 1444 4264 factus
1457 4223 1530 4265 est
1542 4216 1603 4263 ad
1622 4216 1732 4263 ima·
1802 4215 1993 4265 batione
2014 4232 2109 4264 non
2132 4224 2255 4265 recte
2276 4216 2445 4264 dicitur
2464 4216 2621 4280 imago
2645 4216 2761 4271 Dei,
2786 4215 2879 4264 nisi

667 4279 822 4343 ginem
846 4280 957 4338 Dei,
979 4281 1232 4344 quamdam
1253 4279 1434 4329 scilicet
1464 4280 1737 4329 rationalem
1802 4279 1923 4328 illud
1942 4282 2069 4345 quod
2088 4280 2287 4329 inhaeret
2298 4280 2670 4345 contemplandae
2691 4279 2879 4329 incom-

667 4344 1051 4402 vitam,distribui
1071 4344 1120 4393 in
1136 4353 1320 4393 oeternae
1338 4343 1740 4408 contemplationis
1802 4344 2017 4393 mutabili
2049 4345 2243 4394 veritati.
2293 4346 2422 4409 Aug.
2454 4346 2514 4394 de
2549 4344 2677 4393 Gen.
2708 4346 2771 4393 ad
2807 4344 2883 4394 lit.

670 4408 924 4462 veritatem.
946 4417 995 4457 et
1023 4408 1072 4457 in
1104 4424 1258 4457 rerum
1292 4409 1617 4474 temporalium
1652 4408 1735 4457 ad-
1798 4408 1833 4457 1.
1857 4407 1925 4457 iii.
1950 4425 1995 4458 c.
2016 4410 2098 4457 22.

668 4472 1069 4548 ministrationem,
1092 4480 1233 4538 atque
1252 4472 1320 4521 ita
1340 4471 1440 4523 fieri
1459 4472 1593 4536 quasi
1614 4487 1735 4521 mas·
1864 4462 1889 4506 f
1922 4472 2062 4523 Haud
2084 4474 2179 4524 scio
2202 4488 2264 4522 an
2285 4472 2535 4538 legendum
2550 4471 2609 4523 sit
2627 4478 2662 4501 “
2675 4473 2880 4522 sensu.’'

667 4535 832 4586 culum
853 4545 902 4585 et
920 4537 1162 4596 femmam,
1183 4536 1270 4587 illa
1290 4546 1421 4603 parte
1441 4536 1732 4594 consulente,
