3042 5059
724 349 851 406 256
1276 339 1345 401 S.
1390 336 1906 402 AUGUSTINI
1953 334 2372 399 EPISCOPI

724 519 919 582 quam
948 496 1063 560 illa
1090 493 1407 558 Trinitas:
1454 491 1572 556 sed
1599 491 1746 556 dico
1789 491 1902 554 ubi
1943 512 2012 554 se
2051 496 2396 554 exerceant
2421 499 2488 554 et
2513 488 2614 554 ibi
2639 488 2934 570 probent,

722 611 791 662 et
832 596 1111 660 sentiant
1151 615 1347 679 quam
1384 595 1580 674 longe
1625 601 1776 656 sunt
1786 590 1836 654 ⁵.
1927 590 2097 655 Dico
2135 599 2351 654 autem
2387 590 2527 655 haec
2571 589 2700 653 tria
2715 612 2736 652 z
2783 608 2933 664 esse,

722 722 935 778 nosse,
980 700 1161 762 velle.
1253 699 1411 761 Sum
1458 697 1652 772 enim,
1701 704 1767 760 et
1809 695 1983 772 novi,
2030 702 2096 757 et
2142 695 2330 757 volo:
2390 713 2532 755 sum
2585 693 2833 768 sciens,
2881 697 2938 754 et

724 803 983 876 volens3
1026 809 1091 863 et
1130 799 1265 862 scio
1306 819 1447 862 esse
1490 817 1616 876 me,
1645 804 1710 860 et
1735 798 1942 872 velle3
1983 804 2050 858 et
2084 795 2230 857 volo
2275 815 2437 870 esse,
2477 799 2542 856 et
2581 793 2779 856 scire.
2865 794 2936 856 In

723 903 829 966 his
859 902 1055 982 igitur
1083 902 1287 963 tribus
1315 921 1509 983 quam
1539 899 1626 961 sit
1651 897 2098 981 inseparabilis
2127 897 2279 972 vita,
2301 902 2367 958 et
2385 917 2514 958 una
2535 894 2696 970 vita,
2721 900 2791 956 et
2819 914 2937 956 una

636 991 641 998 ¹
724 1024 927 1080 mens,
958 1012 1026 1065 et
1051 1023 1179 1066 una
1218 1001 1516 1077 essentia,
1550 1020 1745 1082 quam
1777 998 2058 1081 denique
2093 995 2542 1080 inseparabilis
2581 993 2937 1071 distinctin,

726 1115 793 1168 et
824 1113 1038 1166 tamen
1080 1102 1434 1179 distinctio,
1468 1100 1682 1165 videat
1719 1101 1834 1185 qui
1869 1106 2102 1183 potest.
2191 1099 2382 1162 Certe
2427 1118 2646 1160 coram
2699 1117 2772 1158 se
2809 1102 2936 1170 est;

725 1204 1017 1270 attendat
1053 1205 1125 1266 in
1154 1225 1245 1282 se,
1274 1210 1340 1266 et
1364 1203 1600 1281 videat,
1627 1210 1692 1266 et
1719 1201 1897 1265 dicat
1921 1199 2103 1263 mihi.
2189 1199 2321 1264 Sed
2348 1219 2499 1261 cum
2523 1198 2851 1260 invenerit
2875 1197 2938 1258 in

726 1307 832 1370 his
872 1305 1121 1389 aliquid
1146 1313 1214 1366 et
1242 1304 1497 1381 dixerit,
1531 1323 1662 1366 non
1692 1301 1832 1386 jam
1870 1323 1938 1366 se
1973 1309 2159 1384 putet
2195 1300 2516 1364 invenisse
2531 1299 2728 1373 ‚illud
2769 1297 2937 1382 quod

728 1427 923 1491 supra
942 1408 1067 1470 ista
1086 1414 1185 1468 est
1202 1404 1747 1479 incommutabile,
1769 1402 1946 1488 quod
1967 1409 2062 1464 est
2082 1399 2715 1476 incommutabiliter,
2740 1407 2807 1462 et
2827 1399 2940 1461 scit

726 1507 1351 1582 incommutabiliter,
1380 1513 1443 1567 et
1470 1505 1612 1566 vult
1635 1502 2271 1567 incommutabiliter:
2324 1508 2391 1564 et
2430 1508 2640 1563 utrum
2681 1509 2939 1584 propter

730 1611 854 1674 tria
895 1610 1041 1674 haec
1087 1617 1153 1672 et
1188 1609 1282 1671 ibi
1320 1608 1602 1670 Trinitas
1623 1654 1641 1684 ,
1689 1629 1772 1670 an
1807 1605 1878 1668 in
1921 1605 2194 1687 singulis
2235 1604 2378 1668 haec
2420 1603 2563 1680 tria,
2585 1605 2724 1666 'ut'
2767 1614 2940 1665 terna

733 1712 1126 1792 singulorum
1178 1710 1347 1784 sint3
1420 1730 1503 1772 an
1554 1715 1894 1791 utrumque
1943 1706 2122 1768 miris
2176 1704 2384 1768 modis
2441 1705 2831 1789 simpliciter
2882 1713 2940 1767 et

732 1813 1072 1896 multiplici
1080 1823 1190 1889 ter,
1228 1811 1481 1873 infinito
1523 1810 1595 1872 in
1639 1831 1707 1872 se
1751 1809 1877 1872 sibi
1919 1808 2070 1887 fine,
2109 1830 2238 1892 quo
2279 1815 2400 1885 est,
2435 1815 2501 1872 et
2546 1807 2678 1870 sibi
2719 1817 2938 1870 notum

732 1922 851 1990 est,
880 1923 945 1977 et
974 1915 1097 1976 sibi
1129 1914 1386 1990 sufficit,
1414 1911 2021 1976 incommutabiliter
2046 1909 2350 1993 idipsum,
2379 1910 2648 1993 copiosa
2677 1909 2941 1972 unitatis

728 2015 1207 2097 magnitudine3
1254 2015 1400 2098 quis
1429 2015 1616 2077 facile
1647 2011 2056 2094 cogitaverit?
2103 2012 2248 2094 quis
2274 2012 2408 2075 ullo
2435 2010 2631 2073 modo
2665 2009 2937 2074 dixerit?

730 2117 876 2200 quis
906 2117 1197 2199 quolibet
1222 2114 1416 2179 modo
1446 2124 1682 2180 temere
1711 2111 2259 2198 pronuntiaverit?

544 2222 669 2297 ΧΠ,
822 2221 919 2280 13.
964 2215 1248 2280 Procede
1290 2217 1359 2278 in
1403 2216 1827 2292 confessione,
1869 2213 2034 2277 fides
2074 2235 2256 2292 mea;
2319 2213 2424 2276 dic
2465 2213 2759 2276 Domino
2804 2215 2940 2276 Deo

487 2287 668 2402 2¹:31ss
730 2326 877 2382 tuo:
902 2319 1190 2402 Sancte,
1222 2318 1483 2393 Sancte,
1516 2319 1778 2395 Sancte,
1808 2318 2080 2379 Domine
2108 2318 2290 2379 Deus
2326 2336 2530 2392 meuS,
2571 2315 2645 2377 in
2685 2317 2941 2378 nomine

488 2419 661 2529 {qma-
728 2428 839 2484 tuo
889 2418 1205 2505 baptizati
1254 2440 1496 2498 sumus,
1534 2420 1743 2481 Pater
1787 2425 1851 2481 et
1901 2418 2042 2480 Fili
2085 2426 2150 2480 et
2202 2409 2491 2498 Spiritus
2533 2425 2768 2480 sancte
2782 2443 2808 2486 ;
2877 2419 2940 2478 iu

489 2497 714 2596 ἑὲἓῗέῑω
728 2526 985 2588 nomine
1030 2532 1141 2587 tuo
1191 2523 1622 2604 baptizamus,
1665 2525 1871 2586 Pater
1919 2530 1983 2586 et
2032 2522 2172 2584 Fili
2215 2529 2279 2584 et
2331 2522 2624 2601 Spiritus
2675 2530 2936 2589 sancte,-

489 2612 709 2727 R‘fffissu·
731 2627 886 2711 quia
914 2635 979 2688 et
1007 2625 1181 2710 apud
1202 2646 1321 2688 nos
1348 2624 1419 2686 in
1450 2625 1708 2689 Christo
1733 2621 1892 2687 suo‘
1903 2625 2081 2707 fecit
2103 2625 2284 2686 Deus
2312 2624 2545 2684 coelum
2575 2631 2643 2685 et
2677 2632 2939 2699 terram,

730 2727 1092 2810 spirituales
1135 2735 1199 2790 et
1236 2728 1523 2791 carnales
1569 2726 1885 2789 Ecclesiae
1927 2727 2088 2790 suae‘
2103 2749 2122 2802 3
2189 2733 2254 2788 et
2288 2733 2465 2810 terra
2497 2732 2730 2788 nostra
2769 2735 2938 2789 ante·

728 2847 922 2911 quam
970 2828 1292 2912 acciperet
1336 2828 1603 2892 formam
1649 2826 1978 2906 doctrinae,
2022 2825 2362 2890 invisibilis
2401 2833 2550 2888 erat
2591 2835 2661 2889 et
2705 2829 2938 2889 incom-
2981 2876 2986 2883 .

490 2945 575 2992 Ps.
598 2943 681 2998 38,
719 2931 959 3009 posita,
1000 2939 1065 2991 et
1104 2929 1481 3010 ignorantiae
1525 2929 1803 2993 tenebris
1847 2929 2258 3009 tegebamur3
2309 2927 2618 3009 quoniam
2652 2949 2782 3008 pro
2819 2929 2942 2989 ini-

491 3011 575 3124 ἐξ·
596 3073 661 3122 35
730 3035 982 3116 quitate
1014 3033 1291 3095 eru-disti
1320 3033 1662 3107 hominem,
1692 3039 1758 3092 et
1771 3029 2042 3112 judic-ia
2073 3037 2191 3092 tua
2218 3030 2387 3090 siem
2416 3030 2630 3090 multa
2662 3028 2940 3110 abyssus.

492 3139 541 3187 ⁷·
666 3107 681 3129 ’
732 3132 859 3197 Sed
888 3133 1041 3216 quia
1071 3134 1363 3214 Spiritus
1388 3141 1539 3194 tuus
1564 3129 2088 3213 superferebatur
2121 3151 2314 3210 super
2341 3149 2608 3212 aquam,
2639 3151 2774 3192 non
2803 3130 2939 3192 reli-

489 3203 616 3316 pen.
650 3203 695 3260 ι’
733 3236 873 3319 quit
900 3235 1219 3298 miseriam
1256 3244 1536 3298 nostram
1575 3231 2011 3296 misericordia
2039 3239 2170 3309 tua,
2199 3240 2265 3294 et
2293 3230 2554 3294 dixisti:
2601 3231 2768 3294 Fiat
2806 3235 2939 3295 lucc.

490 3302 621 3468 ῗῖἑιι.
642 3355 693 3413 3,
731 3337 1195 3400 Poenitentiam
1239 3337 1435 3417 aqite,
1478 3335 2026 3417 appropinquavit
2073 3335 2244 3396 enim
2296 3353 2569 3414 reynum
2613 3335 2938 3396 coelorum.

728 3570 899 3630 potest,
938 3564 986 3612 id
1024 3571 1112 3619 est,
1148 3580 1200 3612 se
1240 3564 1357 3631 ipso.
1444 3565 1523 3613 Ita
1555 3571 1665 3612 sunt
1697 3563 1800 3612 haec
1862 3571 2049 3613 tantum
2064 3563 2280 3628 sedili-git
2297 3572 2530 3630 quantum
2551 3564 2683 3614 novit
2699 3572 2748 3614 et
2759 3571 2938 3628 quanta

730 3628 918 3690 singula
949 3629 1000 3676 in
1032 3644 1084 3676 ce
1116 3629 1246 3692 ipsis.
1313 3630 1375 3677 In
1412 3629 1604 3678 alternis
1639 3637 1799 3677 autem
1862 3629 1986 3678 est.’'

731 3693 801 3741 ita
821 3701 947 3746 nunt.
971 3692 1084 3754 quia
1114 3700 1163 3740 et
1198 3707 1332 3741 menn
1364 3707 1530 3742 amans
1563 3693 1612 3741 in
1644 3708 1800 3743 amore
1927 3695 1944 3727 ⁸
1979 3695 2048 3744 Ut
2080 3694 2303 3758 quoniam
2341 3693 2455 3742 coeli
2492 3702 2542 3742 et
2581 3703 2717 3744 tertre
2753 3694 2938 3743 nomine

732 3764 823 3812 est,
844 3763 891 3804 et
912 3755 1041 3804 emor
1062 3755 1109 3803 in
1133 3757 1336 3805 amantis
1358 3758 1540 3812 notitia,
1565 3766 1614 3805 et
1636 3757 1798 3806 notitia
1861 3773 1986 3822 saepe
2023 3758 2072 3806 in
2113 3757 2331 3808 Ecclesia
2365 3759 2598 3824 spiritales
2637 3761 2940 3823 carnalesque

733 3822 782 3870 in
810 3829 966 3870 mente
990 3821 1263 3870 noscente-’⁸
1305 3822 1429 3884 Aug.
1452 3821 1513 3870 de
1530 3823 1661 3872 Trin.
1685 3823 1718 3870 Ι.
1735 3823 1802 3870 ix.
1867 3823 2204 3886 significantur,
2240 3823 2388 3871 coelos
2425 3824 2679 3872 ostenderit
2714 3825 2938 3889 pertinere

730 3902 775 3936 c.
798 3888 847 3942 4,
871 3888 920 3936 5.
942 3885 1025 3934 ubi
1048 3885 1365 3951 pluribusne-‚m
1379 3887 1690 3952 persequitur,
1709 3901 1802 3936 non
1865 3887 1928 3936 ad
1963 3903 2173 3936 serenam
2215 3887 2572 3949 intelligentiam
2610 3888 2834 3944 veritatis,
2870 3888 2939 3937 di-

732 3967 829 4017 quo
868 3952 1193 4000 Sacronanctae
1239 3951 1485 4000 Trinitatis
1529 3951 1803 4016 mysterium
1865 3967 1995 4010 cens,
2021 3958 2035 3980 ‘
2057 3952 2154 4010 Qui
2189 3951 2303 4000 fecit
2325 3951 2473 4000 coelos
2499 3953 2549 4001 in
2577 3952 2938 4017 intelligentia;'

732 4018 928 4082 planum
956 4015 1116 4073 faciat,
1150 4015 1233 4065 ned
1265 4032 1359 4080 quo
1392 4016 1609 4065 ostendat
1643 4015 1800 4067 Den'm
1866 4025 2037 4065 terram
2059 4032 2166 4065 vero
2200 4015 2262 4064 ad
2295 4015 2435 4064 fidem
2469 4017 2730 4082 simplicem
2767 4033 2938 4083 parvu-

734 4090 767 4112 ⁸‘
792 4096 845 4130 se
866 4097 961 4130 non
993 4081 1093 4131 sine
1120 4079 1418 4130 testimonio''
1439 4080 1491 4129 iu
1527 4088 1690 4128 mente
1717 4080 1802 4128 hu·
1866 4081 2034 4136 lorum,
2054 4081 2136 4130 sed
2158 4079 2427 4155 prophetica
2448 4090 2497 4129 et
2515 4081 2790 4146 evangelica
2825 4097 2937 4145 με·

735 4154 928 4194 mann·‘
945 4145 1245 4210 reliquisse?
1266 4144 1439 4195 librum
1454 4159 1560 4194 vero
1581 4145 1650 4192 ita
1669 4144 1802 4194 clau·
1865 4145 2096 4194 dicatione
2134 4144 2458 4204 firmissimam,
2497 4161 2605 4210 quae
2645 4161 2726 4210 per
2767 4145 2938 4211 baptis·

736 4210 839 4268 dit;
874 4215 908 4238 ‘⁸
938 4211 995 4258 Et
1016 4219 1089 4258 est
1108 4209 1328 4274 quoedam
1362 4211 1519 4273 imago
1541 4208 1801 4270 Trinitatis,
1865 4225 1996 4258 mum
2017 4209 2256 4266 solidatur,
2267 4217 2318 4258 et
2337 4208 2441 4258 ideo
2465 4211 2740 4276 subjecerit,
2763 4212 2938 4265 dicens,

733 4273 839 4339 ipsa
856 4289 1005 4329 mens,
1023 4273 1246 4323 etnotitia
1263 4273 1381 4338 ejus,
1392 4283 1441 4322 et
1458 4289 1589 4324 amor
1605 4272 1798 4324 tertius:
1867 4281 1882 4303 ⁴
1907 4273 2144 4323 Fundavit
2160 4282 2329 4323 terram
2347 4290 2487 4340 super
2504 4275 2711 4386 1111111311ιῦ
2736 4276 2872 4340 Aug.
2885 4275 2938 4322 de

732 4347 783 4387 et
802 4339 903 4388 hoc
925 4338 1013 4386 trin
1034 4353 1199 4397 unum,
1222 4348 1363 4402 atque
1385 4354 1483 4388 una
1516 4338 1800 4389 substantia.
1865 4339 1993 4388 Gen.
2015 4339 2077 4388 ad
2103 4337 2194 4387 Lit.
2214 4337 2249 4386 1.
2270 4337 2321 4386 ii.
2353 4340 2396 4400 §.
2419 4341 2468 4387 4.
2509 4355 2537 4387 c
2560 4373 2572 4388 .
2595 4340 2748 4390 Serm.
2791 4342 2872 4390 56.
2895 4339 2937 4385 in

734 4404 841 4451 Nec
864 4402 1012 4451 minor
1040 4403 1211 4466 proles,
1232 4402 1347 4450 dum
1380 4410 1559 4452 tantam
1591 4418 1642 4451 se
1671 4403 1802 4452 novit
1865 4403 1996 4456 Mat.
2019 4405 2072 4454 6.
2093 4404 2133 4466 §0
2158 4404 2204 4452 7.
2223 4409 2271 4451 et
2302 4404 2386 4452 57.
2411 4404 2456 4466 §.
2479 4405 2526 4452 6.

733 4480 866 4515 mens
886 4474 1065 4530 quanta
1086 4474 1181 4518 est:
1218 4481 1305 4516 nec
1340 4467 1491 4517 minor
1514 4482 1662 4524 amor,
1686 4466 1798 4516 dum
