3042 5059
761 399 1484 466 CONFESSIONUM
1530 402 1817 466 LIBER
1860 403 1979 464 XI.
2344 403 2469 464 215

247 552 636 633 praeteritus,
665 554 824 618 alter
849 575 1152 639 praesens,
1171 557 1386 620 caeteri
1407 556 1623 620 futuri.
1714 558 1927 640 Atque
1954 553 2087 620 ita*
2116 555 2469 620 mediorum

247 652 611 736 quemlibet
654 657 1002 720 centenarii
1041 655 1238 742 hujus
1273 658 1523 720 numeri
1570 678 1809 720 annum
1854 663 2233 739 praesentem
2274 678 2470 742 posu—

243 753 534 831 erimu33
580 762 728 820 ante
768 755 954 819 illum
995 758 1302 840 praeteriti
1353 766 1561 838 erunt,
1602 768 1755 841 post
1796 757 1981 822 illum
2028 757 2257 820 futuri:
2311 779 2469 842 quo-

244 853 430 918 circa
447 863 704 918 centum
734 856 888 919 anni
914 865 1266 940 praesentes
1287 879 1428 922 esse
1455 880 1589 922 non
1618 854 1980 942 potenmt·.
2048 857 2215 920 Vide
2244 859 2471 922 saltem

245 962 466 1017 utrum
510 955 624 1039 qui
667 956 880 1038 agitur
919 979 1109 1036 unus,
1153 959 1296 1042 ipse
1349 959 1434 1022 sit
1477 979 1782 1042 praesens.
1871 959 1964 1021 Et
2006 956 2147 1040 ejus
2190 957 2361 1020 enim
2414 958 2470 1020 si

244 1054 498 1137 primus
525 1056 736 1138 agitur
761 1059 1022 1137 mensis,
1053 1059 1248 1124 futuri
1283 1049 1444 1124 sunt
1465 1059 1715 1137 caeteri3
1770 1060 1825 1123 si
1856 1057 2199 1133 secundus,
2236 1057 2372 1142 jam
2408 1068 2472 1122 et

243 1155 500 1237 primus
539 1157 868 1239 praeteriit,
914 1168 980 1222 et
1019 1159 1253 1243 reliqui
1295 1158 1580 1223 nondum
1627 1166 1795 1222 sunt.
1884 1160 2063 1239 Ergo
2099 1180 2221 1222 nec
2263 1179 2469 1222 annus

245 1255 370 1339 qui
413 1257 643 1337 agitur,
687 1264 862 1320 totus
899 1266 998 1322 est
1038 1279 1358 1341 praesens3
1419 1269 1484 1322 et
1528 1260 1585 1322 si
1627 1279 1759 1322 non
1802 1265 1977 1322 totus
2021 1268 2119 1321 est
2163 1278 2469 1341 praesenS,

241 1377 384 1421 non
421 1366 519 1421 est
555 1380 763 1423 annus
799 1381 1103 1442 praesens.
1193 1361 1559 1426 Duodecim
1596 1358 1769 1424 enim
1812 1382 2063 1424 menses
2102 1382 2309 1425 annus
2348 1371 2466 1439 est,

243 1479 523 1541 quorum
567 1460 842 1544 quilibet
881 1482 1050 1526 unus
1093 1463 1333 1526 mensis
1385 1462 1498 1546 qui
1540 1462 1772 1544 agitur,
1814 1461 1956 1544 ipse
2006 1482 2289 1545 praesens
2330 1470 2464 1538 est3

243 1560 468 1622 caeteri
493 1568 728 1638 autem,
757 1562 1059 1644 praeteriti
1101 1571 1214 1626 aut
1245 1562 1458 1626 futuri.
1550 1564 1937 1647 Quanquam
1976 1585 2187 1647 neque
2226 1565 2465 1628 mensis

243 1662 364 1744 qui
409 1663 640 1744 agitur,
689 1685 998 1748 praesens
1024 1675 1140 1743 est,
1187 1666 1304 1730 sed
1352 1688 1521 1730 unus
1572 1666 1751 1730 dies:
1828 1667 1883 1731 si
1928 1667 2196 1750 primus,
2240 1668 2465 1732 futuris

241 1765 538 1843 caeteri83
583 1766 640 1828 si
667 1767 1078 1845 novissimus,
1105 1767 1442 1851 praeteritis
1475 1768 1753 1845 caeteris;
1806 1769 1861 1831 si
1888 1767 2244 1832 mediorum
2274 1770 2463 1853 quili-

239 1866 380 1942 bet,
408 1867 572 1931 inter
600 1870 954 1951 praeteritos
982 1879 1050 1934 et
1073 1870 1339 1935 futuros.

331 1973 438 2030 20.
469 1969 650 2032 Ecce
668 1991 955 2052 praesens
976 1979 1232 2056 tempus
1254 1972 1431 2056 quod
1459 1975 1667 2036 solum
1691 1972 2175 2035 inveniebamus
2195 1972 2463 2052 longum

243 2069 734 2151 appellandum,
761 2072 874 2136 vix
904 2072 988 2136 ad
1017 2073 1210 2137 unius
1238 2074 1368 2138 diei
1397 2074 1679 2158 spatium
1708 2082 2104 2137 contractum
2134 2079 2249 2136 est.
2332 2073 2465 2136 Sed

243 2167 672 2232 discutiamus
709 2170 904 2236 etiam
950 2173 1186 2256 ipsum,
1219 2175 1374 2257 quia
1414 2195 1533 2236 nec
1576 2195 1743 2237 unus
1782 2173 1923 2236 dies
1964 2179 2139 2236 totus
2168 2180 2266 2236 est
2300 2194 2463 2256 prae-

241 2289 414 2332 sens.
506 2272 860 2334 Nocturnis
897 2271 1067 2335 enim
1107 2281 1174 2336 et
1209 2272 1456 2336 diurnis
1492 2272 1673 2336 horis
1706 2273 2007 2336 omnibus
2038 2272 2265 2353 viginti
2307 2295 2463 2357 qua-

239 2377 386 2432 tuor
413 2371 731 2454 expletur,
764 2393 1034 2456 quarum
1061 2373 1268 2455 prima
1297 2382 1561 2438 coeteras
1588 2373 1835 2436 futuras
1870 2373 2089 2450 habet,
2118 2372 2467 2437 novissima

236 2471 632 2553 proeteritas;
679 2471 900 2556 aliqua
926 2494 1076 2536 vero
1105 2473 1577 2558 interjectarum
1623 2481 1769 2537 ante
1808 2495 1875 2538 se
1913 2474 2287 2556 praeteritaS,
2316 2483 2468 2557 post

237 2595 310 2636 se
339 2574 602 2636 fiiuiras.
678 2575 771 2636 Et
795 2574 942 2656 ipsa
969 2593 1098 2636 una
1125 2574 1288 2638 hora
1313 2573 1604 2654 fugitivis
1631 2573 1969 2656 particulis
1998 2573 2237 2653 agitur3
2274 2574 2462 2657 quid-

236 2673 402 2756 quid
439 2673 580 2758 ejus
625 2674 924 2751 avolavit,
961 2674 1354 2757 praeteritum
1383 2683 1516 2750 est3
1561 2672 1881 2758 quidquid
1910 2674 1971 2736 ei
1987 2672 2016 2701 “
2046 2681 2263 2751 restat,
2293 2674 2460 2739 futu-

231 2795 394 2838 rum.
483 2775 558 2839 Si
587 2775 750 2859 quid
777 2775 1158 2857 intelligitur
1183 2776 1512 2859 temporie,
1544 2774 1721 2858 quod
1748 2774 1820 2838 in
1850 2774 2061 2838 nullas
2090 2773 2229 2858 jam
2258 2776 2363 2838 vel
2392 2775 2462 2838 in

231 2875 702 2940 minutissimas
747 2885 1212 2941 momentorum
1250 2884 1464 2960 partes
1503 2875 1709 2940 dividi
1748 2876 1977 2960 possit,
2005 2875 2076 2940 id
2114 2877 2325 2940 solum
2364 2886 2465 2940 est

231 2977 417 3060 quod
457 2998 746 3061 praesens
785 2977 1052 3042 dicatur.
1141 2977 1339 3050 Quod
1384 2985 1599 3042 tamen
1644 2976 1737 3042 ita
1782 2977 2019 3061 raptim
2058 2998 2099 3041 a
2137 2977 2349 3040 futuro
2390 2978 2461 3042 in

226 3077 626 3160 pmteritum
669 3078 1040 3155 transvolat,
1077 3087 1150 3142 ut
1187 3079 1369 3142 nulla
1404 3077 1655 3141 morula
1700 3075 2101 3141 extendatur.
2194 3078 2364 3140 Nam
2404 3080 2461 3142 si

225 3179 624 3257 extenditur,
641 3180 948 3244 dividitur
975 3182 1044 3244 in
1071 3181 1466 3265 praeteritum
1491 3188 1561 3244 et
1586 3179 1897 3242 futurum:
1942 3201 2225 3263 praesens
2245 3187 2459 3247 autem

227 3282 488 3344 nullum
527 3281 724 3345 habet
769 3283 1069 3365 spatium.
1161 3283 1298 3346 Ubi
1343 3289 1446 3345 est
1485 3302 1638 3362 ergo
1678 3291 1933 3362 tempus
1974 3280 2151 3363 quod
2191 3282 2457 3362 longum

227 3381 565 3446 dicamus?
613 3384 716 3446 An
745 3383 1066 3446 futurum?
1116 3384 1270 3449 Non
1300 3381 1565 3466 quidem
1592 3380 1888 3459 dicimus,
1911 3383 1951 3415 “
1974 3382 2271 3462 Longum
2302 3384 2459 3459 est,’'

231 3485 394 3568 quia
429 3486 718 3550 nondum
755 3496 854 3550 est
897 3487 1074 3570 quod
1111 3488 1378 3568 longum
1429 3486 1550 3562 sit3
1607 3483 1722 3549 sed
1768 3483 2065 3562 dicimus,
2094 3487 2135 3518 “
2160 3487 2461 3566 Longum

225 3585 411 3648 erit.”
471 3585 746 3659 Quando
767 3587 964 3668 igitur
983 3586 1139 3651 erit?
1185 3587 1259 3651 Si
1289 3586 1461 3651 enim
1489 3594 1559 3650 et
1587 3593 1739 3650 tunc
1762 3607 1910 3649 cum
1932 3585 2146 3650 adhuc
2178 3587 2459 3652 futurum

225 3687 376 3765 erit,
401 3709 535 3751 non
561 3690 684 3753 erit
709 3691 1010 3772 longum3
1055 3689 1212 3774 quia
1239 3689 1418 3774 quod
1443 3690 1535 3752 sit
1559 3691 1849 3770 longum,
1876 3688 2167 3754 nondum
2198 3691 2354 3755 erit:
2402 3694 2459 3755 si

225 3797 447 3852 autem
493 3798 648 3862 tunc
693 3790 816 3854 erit
863 3791 1128 3871 longum
1179 3811 1329 3854 cum
1373 3809 1460 3853 ex
1499 3788 1735 3866 futuro,
1779 3789 1959 3873 quod
2002 3789 2291 3854 nondum
2340 3801 2458 3869 est,

223 3909 372 3952 esse
391 3889 531 3973 jam
565 3892 856 3974 caeperit,
885 3901 952 3954 et
987 3911 1272 3974 praesens
1309 3891 1553 3954 factum
1592 3890 1733 3967 erit,
1762 3899 1835 3952 ut
1868 3891 2077 3974 possit
2104 3912 2243 3953 esse
2282 3892 2458 3975 quod

224 3991 505 4072 longum
527 3992 641 4069 sit3
676 3991 816 4075 jam
847 3991 1283 4076 superioribus
1311 3991 1581 4055 vocibus
1610 3993 1846 4054 clamat
1865 4011 2149 4074 praesens
2180 4002 2456 4075 tempus,

223 4091 496 4172 longum
525 4113 596 4156 se
627 4113 768 4156 esse
795 4114 929 4157 non
958 4113 1170 4176 posse.

315 4197 421 4256 21.
469 4193 560 4260 Et
591 4201 828 4271 tamen,
880 4193 1183 4271 Domine,
1233 4191 1543 4256 sentimus
1588 4191 1924 4255 intervalla
1960 4200 2343 4275 temporum,
2390 4203 2455 4258 et
2514 4217 2660 4269 XVI.

129 4314 134 4318 ·
223 4315 678 4377 comparamus
705 4293 985 4370 sibimet,
1009 4302 1080 4360 et
1097 4293 1375 4358 dicimus
1405 4293 1535 4356 alia
1552 4291 1867 4372 longiora,
1896 4302 1962 4357 et
1988 4293 2118 4356 alia
2137 4295 2448 4359 breviora.
2469 4283 2628 4338 ‘'²¹¹⁸'‘

2468 4354 2654 4420 templ-18

224 4394 538 4458 Metimur
577 4395 776 4459 etiam
815 4403 1060 4478 quanto
1108 4394 1192 4459 sit
1237 4393 1494 4458 brevius
1528 4401 1642 4457 aut
1683 4393 1943 4473 longius
1993 4394 2155 4457 illud
2195 4402 2447 4478 tempus
2468 4409 2690 4458 metmli.

2466 4482 2590 4532 ceat,
2613 4483 2663 4524 et

223 4515 426 4577 quam
465 4494 660 4572 illud;
706 4504 772 4561 et
817 4494 1278 4580 respondemus
1323 4493 1593 4577 duplum
1646 4515 1786 4557 esse
1834 4494 1961 4557 hoe
2010 4496 2111 4558 vel
2163 4496 2446 4579 triplum,
2463 4538 2607 4600 quale

2464 4616 2576 4652 non·
