3042 5059
680 412 1402 479 CONFESSIONUM
1448 415 1733 479 LIBER
1777 415 1904 480 III.
2313 416 2397 477 29

270 574 334 629 4.
379 570 469 632 At
495 590 618 650 ego
646 576 800 633 tunc
829 570 1023 633 miser
1050 570 1263 634 dolere
1294 573 1610 647 amabam,
1641 579 1707 634 et
1735 572 2098 655 quaerebam
2128 578 2201 632 ut
2229 578 2399 634 esset

181 669 365 753 quod
411 669 712 750 dolerem,
764 671 1023 755 quando
1071 672 1233 734 mihi
1279 672 1350 734 in
1402 692 1683 735 aerumna
1726 672 1957 749 aliena,
2002 678 2065 735 et
2108 672 2288 749 falsa,
2332 681 2399 734 et

179 771 532 848 saltatoria,
564 793 641 835 ea
668 773 874 853 magis
903 773 1201 855 placebat
1228 773 1395 837 actio
1422 773 1774 850 histrioniS,
1803 793 2036 857 meque
2075 773 2399 835 alliciebat

176 872 649 949 vehementiuS,
679 893 809 956 qua
844 873 1006 935 mihi
1041 875 1341 957 lacrymae
1380 873 1889 937 excutiebantur.
1980 872 2155 946 Quid
2184 880 2396 936 autem

177 972 417 1035 mirum
455 994 603 1037 cum
640 974 866 1037 infelix
905 995 1106 1057 pecus
1151 977 1448 1039 aberrans
1489 998 1531 1040 a
1568 996 1759 1057 grege
1790 985 1923 1051 tue,
1952 983 2018 1038 et
2052 974 2397 1057 impatiens

179 1074 496 1138 custodiae
534 1084 663 1139 tuae
700 1076 873 1159 turpi
912 1074 1128 1140 scabie
1169 1074 1482 1140 foedarer?
1573 1077 1665 1139 Et
1696 1076 1850 1139 inde
1888 1084 2069 1139 erant
2107 1074 2395 1138 dolorum

179 1196 454 1255 amores,
481 1197 616 1239 non
646 1178 882 1261 quibus
910 1178 1102 1241 altius
1127 1185 1518 1261 penetrarer3
1562 1199 1694 1241 non
1724 1180 1894 1242 enim
1924 1181 2216 1242 amabam
2245 1178 2399 1242 talia

177 1278 458 1361 perpeti,
489 1278 705 1362 qualia
733 1287 1057 1362 spectare3
1104 1278 1218 1341 sed
1249 1279 1484 1363 quibus
1513 1279 1749 1343 auditis
1776 1287 1843 1342 et
1869 1279 2063 1359 fictis,
2090 1287 2398 1363 tanquam

179 1380 252 1441 in
293 1381 638 1464 superficie
679 1381 960 1445 raderer:
1009 1402 1172 1465 quos
1210 1389 1424 1445 tamen
1463 1382 1651 1465 quasi
1688 1402 1937 1464 ungues
1975 1380 2398 1465 scalpentium

182 1482 467 1545 fervidus
523 1490 755 1560 tumor,
799 1491 866 1546 et
917 1485 1122 1563 tabes»,
1166 1490 1232 1546 et
1289 1483 1499 1547 sanies
1554 1483 1811 1546 horrida
1868 1485 2393 1567 consequebatur.

184 1584 367 1647 Talis
394 1584 531 1647 vita
557 1606 720 1661 mea,
749 1583 1063 1668 numquid
1091 1585 1226 1648 vita
1253 1593 1405 1662 erat,
1435 1584 1618 1648 Deus
1645 1583 1868 1649 meus?

273 1690 333 1747 5.
380 1686 476 1748 Et
513 1685 1014 1750 circumvolabat
1052 1707 1244 1769 super
1275 1708 1378 1750 me
1413 1685 1629 1749 fidelis
1662 1708 1703 1751 a
1733 1688 1927 1769 longe
1963 1684 2397 1749 misericordia
2416 1684 2641 1797 loliginu-

187 1796 314 1851 tua.
405 1788 491 1850 In
521 1795 794 1872 quantas
821 1787 1192 1872 iniquitates
1224 1788 1527 1867 distabui,
1559 1795 1624 1851 et
1658 1789 2032 1869 sacrilegam
2064 1787 2393 1851 curiosita-
2412 1813 2460 1861 la
2479 1812 2633 1861 rheto-

183 1899 315 1952 tem
367 1897 632 1953 secutus
681 1911 842 1966 sum,
887 1896 962 1952 ut
1014 1887 1405 1953 deserentem
1454 1898 1541 1967 te,
1586 1889 1928 1953 deduceret
1976 1911 2079 1951 me
2132 1888 2213 1951 ad
2262 1888 2393 1951 ima
2412 1877 2609 1990 '5³:23⁰-

185 1988 410 2067 infida,
446 1997 512 2052 et
555 1990 1083 2053 circumventoria
1124 1990 1439 2074 obsequia
1480 1989 1959 2067 daemoniorum,
1996 1988 2231 2073 quibus
2273 1988 2390 2051 im·
2412 2021 2513 2054 rum
2533 2005 2636 2055 sae-

185 2092 514 2155 molabam
561 2090 734 2170 facta
786 2112 931 2153 mea
985 2093 1174 2167 mala,
1221 2099 1286 2155 et
1337 2092 1408 2153 in
1464 2092 1765 2154 omnibus
1822 2091 2196 2171 flagellabas
2252 2070 2643 2184 melffirss‘bgn·

185 2194 404 2255 Ausus
450 2214 591 2255 sum
634 2192 826 2255 etiam
869 2192 938 2253 in
984 2192 1348 2256 celebritate
1392 2192 1864 2255 solemnitatum
1914 2199 2184 2267 tuarum,
2228 2191 2395 2255 intra

184 2295 468 2378 parietes
509 2294 797 2360 ecclesiae
841 2302 970 2358 tuae
1020 2295 1476 2378 concupiscere
1526 2303 1592 2358 et
1641 2314 1827 2376 agere
1876 2293 2204 2375 negotium
2248 2314 2395 2377 pro-

187 2395 458 2460 curandi
497 2396 741 2459 fructus
777 2396 1027 2460 mortis:
1072 2395 1244 2459 unde
1280 2418 1383 2459 me
1424 2396 1767 2460 verberasti
1810 2395 2109 2476 gravibus
2146 2395 2397 2478 poenis3

185 2498 304 2561 sed
333 2498 501 2561 nihil
531 2497 614 2563 ad
643 2499 902 2580 culpam
929 2518 1158 2577 meam,
1189 2506 1239 2559 o·
1257 2506 1330 2560 tu
1355 2497 1751 2581 praegrandis
1776 2496 2212 2561 misericordia
2238 2518 2402 2575 mea,

185 2601 374 2663 Deus
392 2622 595 2678 meu8,
610 2599 926 2680 refugium
948 2620 1161 2662 meum
1184 2622 1223 2662 a
1243 2599 1632 2662 terribilibus
1654 2597 2057 2677 nocentibus,
2073 2599 2143 2660 in
2166 2598 2401 2682 quibus

185 2710 464 2783 vagatus
485 2722 624 2764 sum
647 2699 1006 2784 praefidenti
1028 2702 1218 2778 00110,
1237 2698 1319 2763 ad
1345 2700 1539 2783 longe
1566 2699 1993 2764 recedendum
2018 2720 2057 2763 a.
2076 2707 2163 2777 te,
2182 2720 2402 2763 amans

187 2804 329 2866 vias
358 2824 537 2867 meas
566 2811 632 2866 et
657 2826 792 2867 non
821 2811 984 2880 tuaS,
1016 2823 1238 2866 amans
1267 2802 1601 2884 fugitivam
1630 2802 2007 2865 libertatem.

277 2910 341 2967 6.
389 2907 745 2970 Habebant
771 2912 838 2969 et
862 2905 976 2968 illa
1003 2902 1216 2968 studia
1245 2926 1390 2987 quae
1419 2904 1691 2968 honesta
1708 2905 2121 2980 vocabantur,
2139 2901 2401 2966 ductum

189 3030 380 3070 suum
409 3008 763 3071 intuentem
791 3006 930 3069 fora
954 3006 1256 3087 litigiosa,
1273 3013 1348 3068 ut
1375 3007 1757 3070 excellerem
1784 3005 1853 3067 in
1884 3005 1999 3082 eiS,
2026 3005 2152 3068 hoc
2182 3003 2400 3067 lauda-

187 3110 403 3189 bilior,
457 3130 588 3193 quo
638 3108 1114 3173 fraudulentior.
1221 3110 1434 3172 Tanta
1485 3116 1585 3171 est
1634 3108 1891 3172 caecitas
1939 3107 2271 3169 hominum
2323 3105 2403 3169 de

191 3210 485 3274 caecitate
529 3210 721 3273 etiam
767 3210 1192 3292 gloriantium.
1283 3210 1374 3273 Et
1419 3209 1623 3293 major
1658 3209 1797 3293 jam
1849 3230 2021 3272 eram
2064 3210 2135 3272 in
2182 3209 2405 3273 schola

187 3311 494 3389 rhetoris3
535 3320 600 3373 et
628 3310 984 3392 gaudebam
1012 3313 1304 3394 superbe,
1322 3319 1388 3374 et
1413 3312 1737 3374 tumebam
1764 3311 1999 3394 typho3
2039 3332 2406 3395 quanquam

187 3415 386 3493 longe
432 3411 729 3491 sedatior,
759 3412 1061 3490 Domine,
1089 3420 1162 3475 tu
1207 3412 1354 3489 sciS‚
1385 3419 1451 3474 et
1491 3420 1770 3475 remotus
1813 3412 2073 3475 omnino
2111 3414 2194 3475 ab
2234 3433 2404 3475 ever-

191 3514 488 3577 sionibus
527 3534 688 3597 quas
729 3513 1050 3577 faciebant
1069 3516 1415 3576 Eversores
1448 3511 1593 3589 (hoc
1626 3512 1796 3575 enim
1822 3534 2056 3575 nomen
2085 3534 2362 3577 scaevum
2375 3527 2404 3557 ⁴·

191 3624 260 3678 et
287 3614 703 3691 diabolicum,
719 3614 896 3678 velut
913 3615 1166 3696 insigne
1187 3614 1567 3677 urbanitatis
1590 3616 1733 3695 est),
1748 3613 1913 3677 inter
1933 3635 2095 3697 quos
2114 3616 2407 3677 vivebam

191 3715 442 3798 pudore
480 3715 860 3798 impudenti,
893 3716 1048 3799 quia
1084 3716 1232 3778 talis
1273 3736 1404 3777 non
1446 3736 1653 3777 eram:
1700 3723 1767 3778 et
1804 3736 1951 3777 cum
1990 3714 2083 3778 eis
2124 3736 2314 3793 eram,
2344 3726 2409 3778 et

195 3816 498 3880 amicitiis
527 3838 744 3879 eorum
774 3815 1139 3880 delectabar
1168 3814 1537 3900 aliquando,
1570 3838 1609 3879 a
1638 3837 1905 3900 quorum
1945 3838 2193 3901 semper
2220 3817 2407 3880 factis

197 3918 642 3995 abhorrebam,
671 3918 795 3982 hoc
828 3926 926 3980 est
955 3920 1038 3980 ab
1067 3918 1525 3995 eversionibUS,
1551 3918 1785 4001 quibus
1814 3927 2105 4001 proterve
2132 3920 2406 3981 insecta-

195 4021 434 4083 bantur
472 4020 835 4101 ignotorum
878 4018 1348 4100 verecundiam,
1380 4041 1574 4104 quam
1615 4021 2055 4101 perturbarent
2096 4020 2289 4101 gratis
2333 4020 2409 4081 il-

194 4120 482 4184 ludendo
517 4129 708 4205 atque
742 4121 895 4185 inde
930 4120 1258 4205 pascendo
1291 4122 1637 4185 malevolas
1674 4120 1931 4183 laetitias
1972 4141 2137 4184 suas
2227 4120 2412 4183 Nihil

194 4231 294 4286 est
319 4222 437 4285 illo
459 4223 901 4287 actu'similius
922 4224 1176 4287 actibus
1197 4222 1656 4287 daemoniorum
1669 4221 1713 4284 b.
1774 4221 1947 4293 Quid
1966 4223 2185 4306 itaque
2206 4221 2415 4284 verius

261 4370 288 4406 Β
324 4370 456 4428 Quid
477 4371 603 4419 enim
631 4379 700 4419 est
723 4372 1057 4427 detestabilius.
1080 4380 1128 4421 et
1155 4373 1281 4437 quod
1345 4372 1526 4421 loetari'!
1583 4372 1711 4436 Aug.
1749 4371 1811 4419 de
1846 4370 2087 4419 Catcchiz.
2121 4370 2227 4418 rud.
2256 4385 2302 4419 c.
2340 4370 2419 4418 11.

193 4433 344 4499 magis
367 4435 648 4484 thesaurizet
671 4435 786 4483 iram
817 4436 868 4484 in
897 4437 970 4485 die
1001 4436 1100 4493 irae,
1132 4446 1179 4485 et
1210 4453 1281 4485 re-
1351 4438 1410 4484 Et
1431 4436 1521 4485 hoc
1545 4435 1655 4485 fecit
1676 4450 1759 4501 per
1777 4434 1939 4483 infima
1958 4434 2224 4493 ministeria,
2246 4434 2419 4500 quibus

193 4499 442 4548 velationis
483 4499 606 4574 justi
654 4500 822 4564 judicii
867 4501 977 4553 Dei.
1032 4516 1174 4566 quam
1222 4501 1282 4550 de
1345 4500 1393 4549 id
1425 4516 1563 4565 agere
1593 4501 1843 4565 voluptatis
1873 4508 1958 4549 est.
1992 4516 2109 4565 quos
2136 4499 2417 4549 extermina·

195 4565 324 4613 malo
360 4564 556 4614 alterius
596 4566 728 4615 mala
769 4565 944 4615 diaboli
983 4565 1283 4615 similitudine
1347 4574 1467 4615 tores
1483 4575 1533 4615 et
1553 4565 1743 4630 angelos
1769 4564 2045 4623 iracundie,
2062 4564 2230 4614 divine
2261 4564 2418 4630 Scrip-
