3042 5059
1139 449 1461 511 INDEX.

262 615 378 665 157.
416 614 661 664 Psalmum
695 620 858 662 cantat
879 611 930 662 in
958 611 1090 661 obitu
1121 611 1266 661 Mon·

256 679 400 737 nicae,
427 681 540 730 164.

190 745 394 793 Erectio
418 743 630 810 publica,
651 745 734 802 79,
755 752 806 791 et
826 757 876 790 n.

189 809 469 867 Eversores,
489 811 574 867 29,
596 819 644 858 et
667 824 717 857 ιι.
740 809 794 856 71
808 843 822 864 ,
843 808 924 855 78.

707 1001 762 1049 F.

194 1130 484 1180 Facinorum
528 1145 685 1180 causae
729 1129 964 1196 appetitus
1011 1139 1059 1180 et
1100 1139 1270 1191 metus,

195 1260 402 1309 Falsitas
441 1275 537 1309 non
573 1268 646 1308 est
678 1257 955 1324 quidquam,
987 1261 1069 1309 sed
1103 1260 1274 1309 dicitur

260 1340 371 1437 (13ιίιέ
409 1341 483 1374 res
520 1332 715 1391 putatur
748 1338 850 1372 esse
886 1325 1014 1388 quod
1053 1340 1147 1374 non
1185 1332 1274 1385 est,

198 1455 402 1502 Faustus
443 1451 820 1500 Maniehaeorum
871 1454 1121 1519 episcopus
1171 1454 1272 1502 elo-

261 1533 411 1582 quens
455 1517 700 1582 imprimis,
740 1515 823 1572 64,
857 1526 909 1566 et
954 1535 1005 1566 n.
1042 1520 1126 1568 68.
1190 1520 1272 1567 sed

263 1597 432 1648 parum
486 1580 669 1640 doctus,
713 1581 798 1628 69.
861 1583 1032 1632 Multis
1069 1584 1269 1647 laqueus

260 1646 439 1703 mortis,
469 1647 551 1704 70,
574 1647 658 1695 64.
701 1645 858 1710 Αιιςθ.
891 1647 1059 1697 salutis
1084 1649 1270 1697 occasio

266 1719 360 1766 est,
383 1712 468 1759 70.

194 1775 410 1824 Femina
433 1773 496 1822 ad
519 1772 672 1822 virum
693 1773 938 1838 subjectio,
959 1777 1059 1825 277
1065 1810 1078 1832 ,
1099 1783 1148 1826 et
1170 1793 1218 1826 ιι.

194 1840 353 1888 Ferioe
375 1839 700 1896 vindemiales,
729 1841 839 1889 146.

195 1903 336 1953 Fidei
379 1904 725 1953 medicamenta
761 1905 983 1954 manibus
1025 1905 1122 1955 Dei
1161 1921 1273 1955 con·

263 1969 410 2026 fecta,
441 1969 521 2018 87.
581 1967 696 2017 Sine
727 1968 822 2018 fide
854 1969 974 2018 nibil
1006 1971 1196 2019 omnino
1225 1971 1274 2019 in

262 2033 356 2084 hac
399 2033 498 2082 vita
535 2042 767 2095 ageretur,
807 2036 890 2083 85.
947 2035 1018 2083 Ut
1063 2050 1147 2083 nos
1189 2051 1274 2100 per

263 2098 406 2148 fldem
436 2096 660 2162 passionis
694 2098 872 2147 Christi
911 2100 1174 2164 praeterite,
1205 2100 1270 2148 ita

265 2162 446 2227 antiqui
469 2163 619 2210 sancti
651 2177 734 2227 per
766 2163 905 2212 fidem
926 2163 1138 2228 ejusdem
1163 2179 1256 2228 pas-

262 2227 410 2275 sionis
432 2225 600 2274 futurae
622 2226 738 2274 salvi
761 2227 869 2276 facti
889 2236 1014 2283 sunt,
1037 2230 1152 2276 302.

196 2291 336 2340 Fidei
380 2290 603 2366 professio
644 2290 692 2338 in
735 2301 990 2358 conspectu
1036 2292 1267 2341 Ecclesiae

264 2355 406 2403 reddi
425 2354 582 2412 solita,
614 2357 719 2412 128,
743 2364 791 2404 et
817 2371 865 2404 n.

197 2418 384 2468 Fidelis
423 2421 475 2467 in
518 2419 752 2478 Ecclesia,
796 2421 879 2479 20,
927 2423 1037 2478 134,
1074 2437 1124 2468 ιι.
1162 2422 1272 2478 168,

199 2548 353 2596 Filius
378 2547 462 2596 ille
485 2546 656 2604 minor,
688 2549 759 2602 15,
790 2547 900 2596 129.

197 2613 344 2661 Filios
363 2613 484 2660 inter
511 2611 606 2661 diei
625 2619 672 2659 et
689 2612 810 2660 filios
831 2612 982 2661 noctis
1014 2612 1181 2662 dividit
1201 2630 1276 2662 so·

263 2677 343 2726 lus
387 2677 542 2731 Deus,
585 2677 700 2724 262.
764 2677 915 2725 Filius
971 2679 1065 2726 Dei
1107 2677 1278 2726 dicitur

267 2741 503 2799 Verbum,
530 2740 836 2805 Principium,
863 2741 1123 2807 Sapientia,
1141 2743 1276 2790 Veri·

263 2814 360 2864 tas,
383 2805 546 2854 Virtus
579 2805 690 2862 Dei,
728 2808 840 2853 211.
887 2807 1070 2855 Lumen
1097 2823 1276 2865 verum,

271 2870 400 2926 Vnde,
429 2869 646 2918 Christus
663 2878 710 2917 et
733 2870 963 2919 Verbum.

197 2933 440 2983 Firminus
473 2934 544 2981 vir
585 2933 836 2983 liberaliter
873 2935 1124 2993 institutus,
1164 2937 1276 2984 109.

269 3014 414 3062 quam
465 3007 627 3045 narrat
671 2999 1120 3048 Mathematicorum
1162 3001 1278 3049 divi-

269 3063 532 3118 nationem,
553 3062 619 3110 ib.

198 3126 462 3189 Flagitium
486 3141 516 3174 a
538 3127 766 3176 Facinore
789 3128 1104 3192 distinguitur.
1127 3131 1209 3184 37.
1229 3146 1279 3180 ιι.

201 3255 430 3321 Flagitia,
453 3271 561 3320 quie
585 3265 748 3304 contra
778 3266 993 3306 naturam
1025 3266 1153 3316 sunt,
1178 3257 1280 3306 ubi·

268 3335 362 3384 que
384 3336 444 3368 ac
463 3335 646 3383 semper
658 3322 960 3380 detestanda3
996 3337 1102 3385 quie
1117 3330 1280 3370 contra

269 3399 424 3434 mores
441 3385 701 3442 hominum,
716 3403 800 3451 pro
815 3402 995 3436 morum
1011 3386 1280 3436 diversitate

269 3449 483 3505 vitanda,
503 3451 585 3498 36.

203 3513 374 3561 Fletus
395 3529 482 3562 cur
502 3512 656 3562 dulcis
677 3514 872 3573 miseris,
895 3517 980 3563 50.

205 3577 370 3626 Frater
394 3577 650 3642 Augustini
674 3580 918 3644 Navigius,
946 3580 1059 3628 162.

203 3643 406 3690 Furtum
444 3651 516 3690 est
551 3652 714 3691 contra
755 3652 934 3692 natura.-
965 3645 1148 3706 legem;
1193 3645 1273 3690 21.

271 3707 436 3755 nullus
467 3708 596 3755 enim
637 3708 712 3756 fur
751 3707 900 3758 furem
939 3724 1076 3774 aequo
1120 3706 1275 3756 animo

271 3771 470 3836 patitur,
493 3772 558 3821 ib.

719 3968 787 4016 G.

207 4091 441 4142 Gaudere
483 4094 546 4143 ad
593 4096 774 4152 Deum,
814 4097 873 4144 de
925 4096 1051 4153 Deo,
1096 4102 1281 4159 propter

275 4158 494 4213 Deum,i
554 4175 582 4208 a
615 4170 685 4208 est
713 4162 853 4209 beata
871 4159 968 4208 vita
1005 4167 1053 4209 et
1083 4174 1178 4207 non
1211 4165 1283 4207 est

272 4222 443 4278 altera,
471 4227 492 4272 1
534 4226 582 4274 4.

209 4285 463 4335 Gaudium
485 4289 641 4354 majus
660 4288 870 4338 molestia
904 4285 1072 4353 majori
1103 4301 1282 4352 praece-

273 4350 423 4409 ditur,
469 4353 577 4402 130.
641 4355 728 4402 Est
763 4352 986 4418 gaudium
1023 4353 1151 4418 quod
1192 4365 1285 4398 non

273 4412 420 4464 datur
438 4416 611 4483 impiis,
636 4418 718 4467 sed
739 4419 808 4466 eis
837 4417 919 4529 gui
953 4417 1112 4465 Deum
1143 4415 1286 4478 gratis

271 4479 460 4538 colunt,
501 4498 702 4548 quorum
745 4497 836 4546 gau
872 4481 971 4530 ium
1011 4482 1148 4529 Deus
1186 4478 1287 4544 ipse

275 4551 366 4602 est,
393 4547 503 4594 184.
549 4545 702 4596 Beata
731 4547 830 4596 vita
863 4555 936 4596 est
967 4543 1190 4610 gaudium
1227 4542 1289 4592 de

277 4608 491 4669 veritate,
519 4612 632 4660 184.

2287 458 2407 512 315

1331 609 1643 660 Geminorum
1662 609 1961 660 constellatio
1980 609 2210 669 discussa,
2233 614 2343 663 110.

1332 676 1585 724 Geneseus
1634 674 1821 724 initium
1862 676 2135 742 explicatur
2168 677 2219 724 in
2263 677 2412 725 tribus

1396 739 1640 805 postremis
1658 741 1787 790 libris
1799 741 2181 804 Confessionum‚'’
2194 743 2291 790 205
2305 758 2409 807 sqq.

1335 805 1759 854 Genethliacorum
1781 805 1912 853 libris
1942 805 2132 854 deditus
2160 806 2285 868 Aug.
2308 823 2408 855 mo-

1399 877 1536 918 netur
1556 885 1585 918 a
1609 869 1893 919 Vindiciano
1910 879 1961 918 ut
1973 885 2053 919 eos
2068 870 2309 934 abjiceret,
2326 873 2406 919 48.

1336 934 1553 983 Gervasii
1586 942 1635 982 et
1678 935 1879 983 Protasii
1919 942 2177 1000 martyrum
2218 951 2413 1002 corpora

1397 998 1700 1062 deteguntur,
1728 1001 1836 1048 155.

1336 1063 1512 1112 Gestus
1559 1071 1670 1111 sunt
1714 1071 1941 1128 tanquam
1988 1065 2132 1112 verba
2172 1065 2409 1114 naturalia

1401 1127 1612 1175 omnium
1634 1128 1867 1190 gentium,
1890 1129 1938 1177 7.

1339 1192 1502 1242 Gloria
1516 1193 1827 1254 ignominiosa
1838 1193 2035 1241 honores
2048 1193 2318 1249 saeculares,
2334 1196 2355 1241 l
2370 1195 2412 1242 1.

1404 1257 1543 1322 Saepe
1569 1257 1707 1306 homo
1738 1258 1799 1306 de
1830 1258 1933 1322 ipso
1952 1257 2089 1306 vante
2117 1258 2279 1320 gloriae
2299 1274 2411 1307 con·

1402 1329 1552 1370 temtu
1572 1323 1739 1370 vanius
1756 1323 1997 1386 gloriatur,
2020 1324 2135 1370 200.

1337 1385 1676 1435 Grammaticae
1710 1387 1839 1450 leges
1860 1387 2066 1435 studiose
2088 1388 2411 1448 observantur,

1337 1450 2307 1566 Grzffiiriffiltlitciissiigfccliedlffiugeliniifinibus
2328 1507 2412 1584 ap-

1399 1595 1549 1645 pensa
1574 1580 1679 1628 vela
1698 1580 1813 1644 quid
1836 1580 2119 1642 significent,
2143 1583 2219 1628 12.

1337 1644 1520 1693 Gratiae
1543 1644 1866 1710 deputandum
1902 1645 2133 1709 quidquid
2170 1645 2282 1694 mali
2318 1662 2412 1694 non

1399 1708 1613 1765 fecimus,
1634 1710 1719 1759 26.
1761 1709 1931 1759 Gratia
1965 1717 2131 1775 potens
2160 1718 2230 1758 est
2262 1709 2413 1759 omnis

1399 1772 1627 1832 infirmus,
1650 1774 1729 1838 qui
1750 1775 1870 1839 peri
1904 1790 2004 1823 sam
2028 1772 2081 1823 fit
2102 1775 2316 1824 conscius
2335 1775 2411 1823 in-

1401 1836 1635 1886 firmitatis
1656 1854 1773 1896 suae,
1803 1841 1823 1885 1
1899 1872 1913 1887 .

1339 1900 1485 1951 Gulae
1507 1903 1721 1962 tentatio,
1750 1905 1861 1953 189.

1843 2099 1911 2146 Η.

1337 2223 1553 2274 Haereses
1574 2239 1675 2274 esse
1695 2225 1923 2290 permittit
1956 2227 2109 2285 Deus,
2134 2234 2187 2275 ut
2208 2226 2412 2278 emineat

1397 2290 1513 2353 quid
1559 2290 1773 2338 Ecclesia
1814 2290 1911 2340 Dei
1962 2292 2155 2352 sentiat,
2198 2300 2245 2340 et
2296 2293 2409 2354 quid

1405 2353 1582 2402 habeat
1618 2369 1735 2403 sana
1770 2355 1999 2414 doctrina,
2041 2359 2151 2406 121.
2209 2359 2414 2406 Prosunt

1405 2417 1656 2476 Ecclesiae,
1673 2427 1721 2467 et
1741 2420 1992 2482 quomodo,
2015 2421 2081 2470 ib.

1341 2481 1591 2532 Haeretici.
1613 2485 1725 2532 Non
1744 2498 1850 2532 cum
1869 2484 1925 2532 iis
1936 2484 2315 2550 disceptandum,
2328 2486 2413 2536 sed

1405 2561 1488 2610 pro
1509 2546 1565 2594 iis
1584 2547 1835 2604 orandum,
1858 2549 1937 2598 43.

1344 2609 1657 2676 Har-aspicem
1710 2613 1971 2660 contemnit
2005 2611 2159 2676 Aug⁰.
2190 2613 2273 2678 qui
2312 2615 2413 2664 vic·

1407 2675 1571 2722 toriam
1615 2675 1709 2724 suis
1751 2677 2055 2726 sacramentis
2101 2679 2152 2726 in
2201 2678 2412 2727 theatrici

1407 2738 1626 2788 carminis
1672 2741 1928 2790 certamine
1971 2743 2285 2806 promittebat,
2329 2744 2413 2792 46.

1405 2804 1695 2916 &aruspices
1732 2805 1963 2854 sacrificia
2005 2807 2211 2855 daemoni
2248 2807 2413 2858 offere-

1441 2876 1541 2926 ant,
1562 2870 1626 2918 ib.

1345 2933 1601 2996 Helpidius
1662 2933 1790 2998 apud
1851 2934 2189 2995 Carthaginem
2249 2945 2412 2986 contra

1409 2997 1705 3046 Manichaeos
1728 2998 1954 3063 disputat,
1979 3001 2059 3047 77.

1348 3062 1536 3110 Hierius
1578 3062 1809 3111 Romanae
1862 3063 1987 3112 urbis
2038 3072 2192 3113 orator
2229 3064 2413 3123 doctus,

1409 3127 1490 3175 57.
1558 3127 1687 3175 Huic
1725 3128 1986 3192 nuncupati
2028 3130 2089 3177 ab
2126 3130 2281 3194 Augo.
2304 3131 2413 3180 libri

1410 3197 1445 3219 “
1469 3193 1527 3239 de
1551 3191 1718 3239 Pulcra
1737 3201 1780 3240 et
1802 3194 1968 3254 Apto,”
1989 3192 2058 3240 ib.

1347 3255 1581 3304 Homerus
1599 3263 1737 3319 poeta
1768 3257 2035 3306 dulcissime
2058 3271 2235 3306 vanus:
2269 3258 2413 3322 hujus

1410 3319 1546 3368 lectio
1565 3320 1717 3382 Augo.
1750 3337 1893 3384 puero
1916 3336 2093 3376 amora,
2124 3323 2199 3371 12.
2255 3323 2417 3372 Multa

1410 3386 1564 3440 finxit,
1618 3384 1884 3433 hominibus
1952 3385 2193 3452 flagitiosis
2256 3387 2417 3436 divina

1408 3447 1676 3505 tribuendo,
1730 3465 1789 3498 ne
1853 3450 2033 3512 flagitia
2097 3450 2279 3512 flagitia
2327 3468 2417 3516 pu-

1403 3519 1634 3569 tarentur,
1650 3520 1701 3562 et
1724 3522 1775 3560 ut
1796 3515 2005 3580 quisquis
2021 3530 2079 3563 ea
2099 3515 2303 3574 fecisset,
2320 3532 2415 3564 non

1406 3575 1617 3626 homines
1666 3578 1886 3654 perditos,
1924 3579 2005 3628 sed
2049 3579 2259 3628 caelestes
2302 3581 2413 3629 deos

1403 3641 1637 3690 videretur
1666 3643 1895 3699 imitatus,
1932 3645 2009 3692 14.
2066 3643 2196 3702 Quid
2228 3643 2277 3692 in
2311 3645 2417 3710 ejus

1403 3706 1629 3769 figmenta
1648 3707 1836 3755 Tullius
1856 3707 2201 3765 animadvertit,
2228 3711 2301 3758 13.

1351 3770 1601 3819 Hominem
1636 3771 1748 3819 fecit
1780 3773 1931 3830 Deus,
1964 3789 2057 3821 non
2089 3780 2248 3822 tamen
2281 3773 2329 3822 in
2362 3790 2419 3823 eo

1413 3843 1683 3898 peccatum,
1708 3837 1755 3882 6.

1355 3897 1565 3947 Hominis
1622 3900 1795 3948 creatio
1851 3899 2103 3963 allegorice
2146 3901 2419 3965 exponitur,

1414 3964 1531 4013 268.
1578 3962 1660 4012 Ad
1682 3963 1777 4010 Dei
1797 3963 2048 4028 imaginem
2072 3971 2136 4011 est
2161 3964 2330 4023 factus,
2352 3965 2419 4012 ib.

1350 4027 1504 4074 Homo
1548 4026 1771 4090 spiritalis
1812 4042 1905 4075 non
1954 4028 2146 4104 judicat
2182 4030 2241 4078 de
2283 4045 2418 4077 sacra

1411 4091 1670 4156 Scriptura,
1690 4091 1871 4139 etiamsi
1902 4091 1966 4139 ah
2004 4092 2084 4140 uid
2115 4093 2181 4141 ibi
2214 4109 2309 4141 non
2344 4095 2417 4142 lu-

1411 4164 1535 4213 ceat,
1556 4155 1671 4203 269.
1741 4156 1819 4204 De
1838 4155 1908 4204 his
1922 4156 1977 4221 ju
2013 4157 2136 4206 icare
2164 4157 2350 4213 dicitur.
2372 4159 2422 4206 in

1411 4219 1585 4283 quibus
1624 4218 1769 4268 habet
1811 4229 2087 4280 potestatem
2137 4223 2415 4283 corrigendi,

1412 4286 1530 4333 270.
1598 4284 1756 4333 Homo
1789 4284 1891 4334 sine
1931 4286 2039 4350 Deo
2079 4285 2195 4333 nihil
2230 4285 2316 4332 sibi
2349 4295 2419 4334 est

1417 4349 1505 4396 nisi
1559 4349 1677 4397 Dux
1724 4349 1773 4396 in
1831 4364 2059 4414 praeceps,
2118 4350 2196 4398 46.
2264 4351 2421 4399 Homo

1415 4412 1591 4478 grande
1647 4412 1913 4470 rosundum,
1935 4411 2070 4478 cujus
2091 4428 2147 4462 ca
2182 4413 2249 4461 illi
2274 4414 2423 4476 magis

1416 4492 1612 4526 numera
1645 4477 1732 4526 iles
1767 4485 1878 4526 sunt
1910 4493 2054 4555 quam
2091 4492 2122 4525 a
2159 4485 2309 4536 ectus,
2340 4480 2422 4527 57.

1418 4543 1505 4591 Est
1550 4541 1730 4606 aliquid
1772 4542 1989 4599 hominis,
2027 4544 2153 4606 quod
2194 4557 2281 4592 nec
2320 4543 2422 4610 ipse

1420 4606 1509 4655 scit
1548 4607 1735 4672 spiritus
1764 4605 1983 4665 hominis,
2011 4606 2091 4670 qui
2122 4607 2171 4655 in
2202 4608 2303 4673 ipso
2331 4615 2421 4668 est,
