3042 5059
415 1797 442 1844 Ι
453 1798 511 1845 V.

353 1860 540 1909 Doctri-

352 1939 462 1973 nam
479 1928 572 1975 Ec·

351 1990 509 2039 01031111

350 2057 553 2131 111111110-

349 2136 421 2169 sno
442 2136 554 2168 con·

599 414 682 473 86
1151 409 1218 473 S.
1265 409 1782 475 AUGUSTINI
1830 408 2249 473 EPISCOPI

596 563 872 644 intelligi
914 569 988 629 ut
1027 564 1294 629 humani
1339 567 1624 649 corporis
1668 565 1869 631 forma
1912 573 1975 629 te
2018 566 2424 630 terminatum
2474 565 2813 630 crederent

599 672 793 749 atque
829 666 1220 747 cogitarent:
1269 689 1638 751 quanquam
1676 667 1999 751 quomodo
2036 688 2106 731 se
2149 668 2415 731 haberet
2454 667 2808 749 spiritualis

599 768 978 845 substantia,
1006 789 1090 831 110
1118 768 1378 852 quidem
1407 769 1682 833 tenuiter
1708 778 1899 852 atque
1926 768 1997 831 in
2026 768 2365 849 aenigmate
2394 769 2806 850 suspicabar;

597 875 813 933 tamen
850 869 1137 950 gaudens
1167 871 1392 933 erubui
1418 892 1551 934 non
1580 891 1683 933 me
1710 878 1807 935 tot
1834 856 2037 933 annos
2075 868 2376 933 adversus
2416 870 2807 933 catholicam

597 970 816 1047 fidem,
855 970 968 1033 sed
1011 978 1234 1034 contra
1273 972 1623 1035 carnalium
1666 971 2126 1053 cogitationum
2164 971 2476 1051 figmenta
2514 972 2804 1033 latrasse.

597 1073 704 1135 Eo
735 1072 977 1156 quippe
1013 1074 1380 1137 temerarius
1413 1080 1478 1136 et
1518 1072 1759 1155 impius
1789 1072 2053 1149 fueram,
2084 1072 2261 1156 quod
2302 1093 2381 1135 00
2416 1092 2563 1155 quae
2608 1070 2805 1135 debe-

597 1175 749 1237 bam
787 1175 1131 1257 quaerendo
1173 1171 1425 1255 dicere*
1460 1173 1825 1239 accusando
1860 1174 2168 1237 dixeram.
2258 1174 2363 1236 Tu
2398 1174 2594 1249 enim,
2626 1172 2805 1237 altis-

597 1275 757 1339 sime
791 1284 855 1339 et
889 1277 1206 1359 proxime,
1245 1276 1671 1341 secretissime
1714 1283 1781 1339 et
1814 1274 2331 1359 praesentissime,
2370 1275 2479 1337 cui
2516 1276 2806 1337 membra

595 1398 727 1439 non
761 1386 912 1440 sunt
943 1379 1070 1441 alia
1109 1378 1351 1463 majora
1387 1387 1453 1443 et
1485 1380 1615 1441 alia
1649 1377 1917 1456 minora,
1962 1376 2077 1440 sed
2113 1377 2357 1460 ubique
2399 1383 2573 1439 totus
2614 1398 2710 1453 03,
2741 1383 2807 1439 01

591 1500 913 1563 nusquam
953 1480 1238 1543 locorum
1283 1501 1392 1556 es3
1450 1501 1586 1543 non
1628 1501 1698 1543 es
1740 1479 1965 1563 utique
2017 1477 2219 1541 forma
2270 1478 2399 1541 ista
2452 1499 2801 1561 corporea:

591 1587 808 1644 tamen
827 1582 1062 1663 fecisti
1104 1584 1422 1645 hommem
1466 1582 1560 1645 ad
1598 1584 1950 1663 imayinem
1996 1588 2181 1643 tuam
2202 1606 2226 1650 ;
2290 1588 2355 1643 et
2388 1600 2541 1643 0000
2576 1580 2723 1663 ipse
2764 1601 2807 1643 0

591 1683 804 1766 capite
832 1704 1038 1767 usque
1067 1682 1150 1747 ad
1175 1683 1376 1766 pedes
1404 1683 1474 1747 in
1500 1685 1649 1747 1000
1680 1692 1794 1746 est.

680 1790 738 1847 5.
788 1785 956 1849 Cum
983 1806 1134 1866 ergo
1162 1786 1476 1853 nescirem
1493 1785 1819 1869 quomodo
1847 1785 1988 1847 haec
2020 1783 2397 1847 subsisteret
2421 1782 2635 1863 imago
2666 1790 2803 1861 tua,

587 1882 898 1969 pulsans*
930 1907 1354 1970 proponerem
1399 1885 1723 1971 quomodo
1766 1884 2155 1951 credendum
2198 1892 2389 1961 esset,
2416 1904 2551 1946 non
2594 1884 2803 1946 insul-

589 1995 733 2051 tans
764 2009 1153 2071 opponerem
1196 1989 1384 2071 quasi
1425 1988 1519 2051 ita
1556 1987 1867 2051 creditum
1908 1994 2113 2051 esset:
2160 1993 2339 2049 tanto
2367 1985 2565 2067 igitur
2594 1984 2805 2049 acrior

588 2111 742 2153 cura
766 2089 1035 2153 rodebat
1060 2089 1287 2153 intima
1305 2111 1450 2153 mea
1469 2089 1627 2174 quid
1648 2089 1805 2153 certi
1825 2089 2179 2165 retinerem,
2204 2095 2445 2171 quanto
2465 2108 2569 2149 me
2586 2088 2803 2167 magis

349 2186 570 2235 ⁰10¹²⁸m0
586 2189 874 2273 pudebat
902 2199 1032 2255 tam
1063 2190 1177 2253 diu
1212 2190 1474 2254 illusum
1513 2199 1579 2252 et
1614 2190 1958 2274 deceptum
1995 2190 2421 2275 promissione
2458 2197 2801 2266 certorum,

353 2248 527 2298 intelli-

344 2313 431 2379 git.

586 2291 817 2375 puerili
861 2313 1064 2357 errore
1107 2298 1174 2355 et
1215 2291 1637 2367 animositate,
1680 2300 1813 2355 tam
1852 2294 2056 2355 multa
2096 2292 2341 2355 incerta
2384 2292 2570 2375 quasi
2622 2299 2803 2355 certa

587 2394 874 2474 garrisse.
963 2393 1156 2466 Quod
1185 2393 1357 2456 enim
1383 2393 1548 2456 falsa
1574 2401 1809 2470 essent,
1839 2401 2065 2476 postea
2103 2392 2265 2455 mihi
2304 2392 2549 2457 claruit.
2641 2392 2800 2457 Cer-

584 2501 722 2558 tum
759 2503 972 2559 tamen
1015 2504 1149 2559 erat
1190 2494 1366 2578 quod
1409 2495 1652 2559 incerta
1689 2503 1923 2573 essent,
1961 2503 2026 2558 et
2059 2516 2099 2557 a
2140 2514 2243 2557 me
2286 2492 2636 2578 aliquando
2676 2515 2799 2577 pro

586 2596 776 2659 certis
817 2597 1042 2660 habita
1080 2595 1374 2672 fuissent,
1419 2618 1568 2659 cum
1613 2596 2017 2660 Catholicam
2070 2603 2249 2658 tuam
2294 2595 2485 2659 caecis
2530 2604 2797 2659 conten-

583 2699 869 2767 tionibus
913 2712 1298 2775 accusarem,
1329 2698 1452 2763 etsi
1477 2698 1765 2763 nondum
1808 2704 2198 2781 compertam
2240 2718 2389 2761 vera
2431 2696 2799 2774 docentem,

585 2822 716 2863 non
764 2808 980 2863 tamen
1023 2821 1100 2863 ea
1144 2800 1478 2864 docentem
1534 2821 1681 2883 quae
1738 2800 2011 2881 graviter
2065 2799 2467 2863 accusabam.
2556 2800 2799 2882 Itaque

587 2902 1043 2982 confundebar,
1073 2910 1139 2965 et
1167 2903 1615 2966 convertebar:
1663 2910 1729 2965 et
1756 2902 2135 2982 gaudebam,
2167 2902 2349 2963 Deus
2380 2920 2583 2976 1110113,
2613 2899 2797 2983 (111οᾱ

582 3002 922 3070 Ecclesia*
954 3006 1148 3071 unica
1191 3025 1426 3089 corpus
1456 3003 1657 3068 Unici
1686 3003 1805 3081 tui,
1832 3003 1903 3065 in
1932 3025 2063 3087 qua
2089 3002 2251 3065 mihi
2278 3022 2513 3065 nomen
2545 3000 2799 3065 Christi

559 3108 814 3175 --infanti
841 3117 940 3172 est
964 3107 1262 3185 inditum,
1291 3127 1425 3169 non
1463 3113 1715 3189 saperet
1753 3104 2078 3169 infantiles
2118 3124 2368 3184 nugas3
2411 3124 2626 3187 neque
2660 3103 2793 3167 hoc

334 4032 366 4079 2
383 4032 490 4082 Cor.
507 4036 558 4090 3,

579 3210 846 3274 haberet
884 3211 955 3272 in
997 3209 1290 3273 doctrina
1333 3229 1451 3272 sua.
1493 3229 1669 3287 sana,
1702 3206 1879 3293 quod
1908 3214 1971 3271 te
2000 3214 2347 3271 creatorem
2390 3206 2681 3269 omnium
2722 3207 2794 3269 in

582 3312 862 3395 spatium
907 3312 1039 3375 loci
1091 3311 1386 3394 quamvis
1433 3330 1754 3373 summum
1794 3316 1861 3373 et
1897 3310 2203 3393 amplum,
2240 3316 2455 3371 tamen
2497 3307 2797 3393 undique

580 3412 989 3475 terminatum
1015 3412 1442 3475 membrorum
1468 3411 1895 3477 humanorum
1920 3410 2129 3492 figura
2154 3409 2573 3475 contruderet.

665 3518 728 3576 6.
775 3511 1158 3577 Gaudebam
1195 3512 1386 3575 etiam
1429 3511 1608 3597 quod
1644 3519 1858 3576 vetera
1893 3513 2131 3596 scripta
2158 3512 2355 3592 Legis
2396 3518 2462 3575 et
2500 3511 2795 3594 Prophe·

579 3622 787 3678 tasum
824 3612 964 3698 jam
1004 3636 1137 3678 non
1179 3614 1292 3677 illo
1335 3616 1525 3677 oculo
1568 3611 1731 3677 mihi
1770 3612 2047 3696 legenda
2085 3620 2611 3698 proponerentur,
2656 3636 2795 3698 quo

579 3722 771 3779 antea
805 3712 1186 3779 videbantur
1223 3714 1519 3793 absurda,
1551 3738 1699 3780 cum
1737 3718 2080 3798 arguebam
2110 3725 2421 3800 tanquam
2460 3716 2555 3779 110
2591 3717 2793 3781 senti-

578 3823 758 3881 entes
791 3826 1046 3881 sanctos
1077 3826 1255 3893 tuos3
1301 3836 1520 3879 verum
1550 3824 1763 3881 autem
1803 3838 1937 3880 non
1976 3818 2069 3881 ita
2112 3816 2507 3881 sentiebant:
2552 3825 2621 3881 et
2646 3827 2793 3881 tan-

579 3940 774 4002 quam
800 3918 1088 3999 regulam
1118 3917 1607 4000 diligentissime
1635 3917 2128 3995 commendaret,
2158 3938 2330 4001 saepe
2358 3918 2428 3979 in
2456 3919 2793 4001 populari-

573 4020 698 4083 bus
717 4019 1114 4083 sermonibus
1133 4020 1266 4082 suis
1285 4018 1607 4082 dicentem
1626 4019 2032 4082 Ambrosium
2049 4020 2236 4082 laetus
2260 4018 2620 4097 audiebam,
2646 4020 2730 4082 Li
2732 4027 2792 4082 t-

577 4130 719 4185 tera
738 4123 974 4186 occidit
985 4148 1009 4193 ;
1057 4124 1330 4203 spiritus
1349 4129 1571 4185 autem
1592 4122 1915 4201 vimficat:
1968 4142 2118 4185 cum
2140 4142 2217 4185 ea
2238 4143 2382 4205 quae
2406 4120 2490 4185 ad
2507 4121 2794 4185 litteram

572 4226 1049 4309 perversitatem
1103 4226 1329 4289 docere
1374 4225 1776 4302 videbantur,
1818 4233 2062 4289 remoto
2106 4225 2381 4309 mystico
2423 4225 2793 4287 velamento

573 4328 987 4411 spiritualiter
1013 4329 1304 4411 aperiret,
1331 4349 1464 4391 non
1495 4326 1719 4391 dicens
1748 4327 1925 4410 quod
1952 4349 2055 4393 me
2090 4326 2459 4405 offenderet,
2490 4326 2793 4410 quamvis

571 4449 649 4491 ea
669 4428 930 4506 diceret,
949 4451 1093 4512 quae
1116 4436 1329 4491 utrum
1356 4448 1510 4491 vera
1538 4436 1753 4490 essent
1773 4428 1983 4492 adhuc
2007 4430 2383 4511 ignorarem.
2452 4428 2789 4491 Tenebam

569 4529 741 4597 enim
776 4551 887 4595 cor
917 4550 1133 4593 meum
1173 4532 1253 4593 ab
1300 4530 1476 4595 omni
1519 4531 1911 4609 assensione,
1942 4531 2171 4594 timens
2204 4529 2673 4613 praecipitium3
2722 4538 2791 4592 et
