3042 5059
452 2334 527 2385 IX
537 2368 552 2383 .

388 2399 529 2449 Febri

389 2479 573 2531 correp·

389 2530 607 2643 wlff·

384 2608 588 2708 ffborat.

392 2737 416 2783 l
445 2736 559 2786 Cor.

390 2802 469 2855 15,
493 2803 577 2850 22.

389 2879 516 2947 Eph.
537 2883 587 2938 2,

390 2946 466 2993 14.

1187 354 1253 417 S.
1301 351 1815 417 AUGUSTINI
1858 349 2280 417 EPISCOPI

631 532 709 573 ea
735 516 946 573 nocte.
1035 507 1168 573 Sed
1194 530 1272 572 ea
1297 518 1489 573 nocte
1517 508 1813 573 clanculo
1843 528 1965 589 ego
1990 506 2316 588 profectus
2344 526 2520 569 sum:
2573 505 2693 569 illa
2732 526 2847 569 au-

631 620 760 676 tem
787 632 919 674 non
935 608 1213 674 mansit*
1233 609 1472 675 orando
1503 617 1570 672 et
1594 607 1828 673 flendo.
1894 609 1989 671 Et
2014 606 2174 691 quid
2202 629 2241 671 a
2269 616 2333 671 te
2360 608 2645 689 petebat,
2662 608 2848 669 Deus

630 733 832 789 meuS,
861 712 1055 776 tantis
1089 712 1410 795 lacrymiS‚
1438 711 1565 773 nisi
1609 719 1683 773 ut
1724 709 2027 790 navigare
2067 730 2169 771 me
2206 729 2337 770 non
2378 706 2663 773 sineres?
2714 707 2847 771 Sed

631 822 702 877 tu
744 814 871 877 alte
911 813 1273 890 consulens,
1313 820 1379 874 et
1419 809 1775 875 exaudiens
1816 810 2141 873 cardinem
2175 809 2474 873 desiderii
2520 809 2684 893 ejm,
2712 830 2846 871 non

631 914 867 978 curasti
897 913 1073 997 quod
1101 921 1254 975 tunc
1286 914 1569 995 petebat,
1598 918 1671 974 ut
1708 932 1810 973 me
1851 907 2135 974 faceres*
2167 910 2344 994 quod
2382 932 2637 994 semper
2665 918 2843 993 pete-

631 1017 762 1079 bat.
838 1015 1048 1079 Flavit
1075 1021 1322 1091 ventuS,
1352 1020 1418 1076 et
1454 1012 1748 1095 implevit
1772 1011 1915 1075 vela
1952 1019 2191 1090 nostra,
2223 1020 2287 1074 et
2312 1010 2493 1075 littus
2524 1011 2848 1079 subtraxit

633 1115 1001 1198 aspectibus
1048 1114 1315 1177 nostris:
1375 1114 1444 1176 in
1497 1134 1627 1197 quo
1674 1132 1861 1175 mane
1910 1112 2025 1176 illa
2073 1112 2436 1175 insaniebat
2483 1111 2728 1189 dolore,
2778 1118 2847 1175 et

633 1216 929 1300 quereliS,
959 1236 1034 1279 ac
1080 1216 1324 1297 gemitu
1363 1215 1676 1297 implebat
1716 1234 1901 1277 aures
1945 1217 2088 1275 tuas
2132 1215 2599 1278 contemnentis
2642 1211 2845 1290 ista‘3

633 1338 781 1381 cum
830 1324 896 1379 et
951 1338 1052 1381 me
1105 1316 1569 1399 cupiditatibus
1620 1315 1779 1377 meis
1835 1335 2089 1397 raperes
2148 1316 2233 1379 ad
2290 1315 2607 1379 finiendas
2663 1315 2845 1398 ipsas

633 1417 1038 1501 cupiditates,
1067 1425 1134 1481 et
1159 1417 1334 1481 illius
1365 1416 1619 1481 carnale
1647 1414 2033 1479 desiderium
2052 1416 2229 1500 justo
2260 1416 2552 1480 dolorum
2580 1417 2843 1497 flagello

632 1518 980 1602 vapularet.
1097 1520 1375 1581 Amabat
1431 1517 1603 1581 enim
1664 1537 1878 1579 secum
1938 1517 2341 1599 praesentiam
2399 1538 2609 1580 meam
2667 1538 2845 1581 more

631 1627 925 1696 matrum,
957 1618 1072 1682 sed
1111 1618 1332 1682 multis
1371 1619 1573 1681 multo
1612 1616 1927 1699 amplius3
1972 1624 2039 1681 et
2074 1618 2405 1681 nesciebat
2442 1616 2602 1701 quid
2642 1628 2716 1680 tu
2746 1618 2843 1679 illi

631 1720 1006 1803 gaudiorum
1034 1721 1317 1784 facturus
1351 1740 1525 1783 esses
1559 1717 1639 1781 de
1682 1717 1973 1781 absentia
2010 1740 2171 1781 mea.
2260 1716 2649 1795 Nesciebat3
2694 1718 2842 1781 ideo

628 1823 827 1885 flebat
875 1829 940 1885 et
988 1820 1291 1905 ejulabat,
1339 1827 1533 1904 atque
1583 1818 1712 1881 inis
1764 1819 2155 1883 cruciatibus
2214 1822 2595 1900 arguebatur
2642 1822 2716 1883 in
2764 1842 2841 1885 ea

626 1922 1058 2006 reliquiarium
1098 1923 1260 1985 Evae
1273 1919 1324 1998 *,
1356 1942 1504 1985 cum
1549 1921 1791 2001 gemitu
1844 1942 2137 2004 quaerens
2180 1920 2357 2004 quod
2406 1942 2555 1983 cum
2598 1923 2843 2002 gemitu

623 2032 974 2108 pepererat.
1063 2024 1156 2087 Et
1183 2031 1394 2085 tamen
1422 2030 1573 2105 post
1600 2023 2073 2088 accusationem
2099 2022 2492 2087 fallaciarum
2521 2031 2587 2085 et
2614 2023 2839 2086 crude·

623 2124 823 2187 litatis
861 2146 1044 2203 meae,
1073 2144 1382 2187 conversa
1419 2145 1637 2187 rursus
1666 2122 1749 2187 ad
1781 2122 2255 2208 deprecandum
2284 2131 2348 2185 te
2375 2144 2495 2206 pro
2522 2146 2650 2203 me,
2680 2125 2843 2188 abiit

627 2224 711 2289 ad
739 2225 946 2302 solita,
967 2233 1043 2316 ⁸et
1069 2246 1191 2305 ego
1221 2226 1514 2289 Romam.

718 2331 816 2389 16.
860 2328 954 2389 Et
991 2346 1141 2390 ecce
1183 2326 1478 2409 excipior
1509 2326 1606 2388 ibi
1638 2328 1895 2407 fiagello
1939 2326 2334 2407 aegritudinis
2368 2327 2743 2410 corporalis,
2772 2334 2844 2390 et

623 2428 798 2490 ibam
837 2426 921 2491 ad
959 2426 1215 2505 inferoS,
1242 2434 1507 2510 portans
1547 2427 1763 2490 omnia
1803 2429 1972 2491 mala
2014 2448 2159 2511 quae
2192 2429 2634 2491 commiseram
2667 2436 2735 2491 et
2770 2428 2841 2490 in

624 2538 710 2606 te,
755 2536 822 2591 et
867 2528 936 2589 in
982 2550 1106 2606 me,
1153 2536 1219 2591 et
1263 2528 1334 2589 in
1385 2528 1569 2604 alios,
1617 2528 1819 2591 multa
1864 2537 1929 2591 et
1980 2528 2219 2609 gravia,
2268 2549 2459 2612 super
2504 2528 2843 2610 originalis

623 2630 877 2713 peccati
907 2629 1234 2692 vinculum
1265 2650 1393 2713 quo
1435 2650 1652 2692 omnes
1688 2631 1763 2693 in
1792 2630 2004 2693 Adam
2046 2632 2379 2695 morimur.
2471 2632 2625 2693 Non
2666 2631 2841 2694 enim

628 2730 982 2814 quidquam
1013 2751 1235 2793 eorum
1263 2730 1424 2791 mihi
1454 2729 1806 2793 donaveras
1832 2730 1903 2792 in
1934 2730 2231 2807 Christ03
2276 2752 2397 2795 nec
2424 2734 2700 2795 solverat
2728 2734 2845 2795 ille

625 2832 694 2893 in
740 2852 925 2895 cruce
971 2828 1128 2893 sua·
1167 2832 1556 2894 inimicitias
1601 2853 1762 2914 quas
1805 2840 2016 2894 tecum
2061 2841 2503 2896 contraxeram
2550 2834 2844 2915 peccatis

624 2932 802 2995 meis.
875 2930 1232 3005 ¹Quomodo
1277 2932 1449 2995 enim
1493 2952 1604 2995 eas
1648 2932 1919 2997 solveret
1964 2932 2035 2997 in
2080 2954 2265 2999 cruce
2319 2934 2795 3017 phantasmatis
2809 2932 2843 3011 ¹,

631 362 714 419 72

623 3170 847 3221 lennitate
879 3170 1192 3226 concelebrat.
1224 3180 1272 3219 et
1302 3172 1363 3219 ad
1393 3170 1686 3219 excitandam

624 3234 943 3289 imitationem.
971 3242 1018 3283 et
1049 3242 1102 3282 ut
1131 3236 1304 3284 meritis
1331 3250 1494 3283 eorum
1523 3249 1688 3283 conso·

625 3298 772 3346 cietur
807 3306 948 3363 atque
982 3298 1265 3347 orationibus
1299 3298 1580 3361 adjuvetur:
1626 3298 1693 3346 ita

623 3370 782 3409 tamen
814 3372 870 3409 ut
901 3362 1023 3411 nulli
1055 3365 1334 3426 Martyrum,
1353 3362 1435 3410 sed
1465 3362 1554 3427 ipsi
1582 3363 1691 3411 Deo

625 3426 891 3489 Martyrum
913 3426 1242 3485 sacrificemus,
1263 3425 1473 3489 quamvis
1499 3426 1548 3475 in
1586 3428 1691 3475 Me-

625 3488 786 3538 moriis
826 3492 1092 3555 Martyrum
1135 3493 1468 3540 constituamus
1511 3491 1693 3539 altaria.

627 3555 712 3602 Du
731 3554 911 3629 Gange,
934 3556 1022 3603 sub
1045 3572 1093 3603 v.

691 3616 708 3655 l
743 3618 977 3667 Christum
1012 3617 1264 3667 novissimis
1295 3620 1580 3683 temporibus
1610 3634 1689 3669 ve·

627 3681 746 3731 nisse
789 3684 849 3731 ad
887 3683 1079 3738 animos,
1113 3698 1207 3731 non
1244 3684 1305 3730 ad
1341 3698 1537 3747 corpora
1572 3685 1688 3733 libe-

626 3747 787 3795 randa.
860 3747 965 3795 Nec
1005 3745 1145 3795 fuisse
1178 3745 1228 3793 in
1261 3762 1401 3794 carne
1441 3762 1569 3805 vera,
1608 3749 1691 3797 sed

624 3810 889 3859 simulatam
903 3810 1103 3877 speciem
1122 3809 1273 3859 carnis
1287 3810 1583 3859 ludificandis
1600 3812 1689 3860 hu-

624 3874 774 3924 manis
795 3874 1007 3925 sensibus
1028 3873 1296 3941 praebuisse,
1317 3874 1400 3923 ubi
1421 3890 1514 3923 non
1536 3876 1687 3925 solnm

623 3948 835 3996 mortem,
849 3954 1009 3988 verum
1020 3938 1161 3987 etiam
1172 3938 1549 3987 resurrectionem
1564 3940 1689 3989 simi-

624 4003 727 4051 liter
747 4003 1030 4053 mentiretur.
1058 4003 1252 4067 Aug.de
1266 4002 1441 4051 Haeres.
1477 4003 1684 4053 vid.inf.

623 4082 669 4117 c.
691 4070 762 4115 10.
777 4068 859 4115 fin.
877 4067 911 4117 l.
929 4068 995 4115 ix.
1009 4083 1054 4116 c.
1073 4070 1122 4115 3.
1138 4068 1179 4129 ὁ.
1194 4068 1241 4115 6.
1281 4069 1440 4119 ‘Aa-23
1461 4067 1583 4129 φάσις
1608 4070 1687 4117 obn

624 4132 897 4183 §edvvio-nu.
919 4132 1000 4180 nni
1021 4132 1128 4180 σκιὰ
1149 4130 1310 4195 κριὸς
1331 4133 1379 4181 οὗ
1401 4151 1520 4180 eran
1546 4134 1686 4182 οὕτω·

620 4195 730 4257 μίαν
749 4194 821 4244 οἶν
839 4197 961 4259 fxv·
976 4197 1110 4259 ἵμευι
1135 4198 1214 4249 τὴν
1236 4196 1358 4258 φῦσιο
1380 4199 1459 4245 καὶ
1480 4199 1690 4263 ἶυιργσιαυ

624 4262 676 4310 vei
709 4262 798 4323 035
829 4259 962 4322 μηῖὶι
996 4263 1217 4310 ‹aleven-
1255 4265 1320 4324 τῆ
1363 4264 1689 4325 incaeduus-e

624 4328 702 4380 τῆς
736 4324 896 4393 σηκὶς
932 4326 1010 4374 or’m
1041 4326 1196 4389 ixa-va
1230 4326 1352 4388 φύσιν
1374 4329 1687 4393 κρα-τονμίιηι.

623 4392 825 4452 (Manes
847 4392 938 4455 Ep.
965 4391 1026 4438 ad
1050 4393 1222 4439 Zeben.
1244 4407 1322 4456 ap.
1351 4393 1384 4439 F
1387 4392 1533 4441 abric.
1560 4393 1687 4441 Bibl.

624 4455 714 4503 Gr.
737 4462 774 4503 t.
793 4472 838 4501 v.
875 4471 923 4518 p.
958 4456 1104 4517 284.)
1178 4455 1256 4503 Sic
1287 4455 1585 4505 Manichaeus
1615 4473 1687 4517 es,

621 4518 807 4581 quince
825 4518 1099 4567 crucifixum
1117 4518 1280 4573 credis,
1296 4523 1400 4581 quia
1417 4535 1506 4569 nec
1525 4528 1687 4569 natum

621 4581 786 4633 credis.
836 4582 966 4647 Aug.
1009 4584 1160 4634 Serm-
1209 4584 1318 4632 116.
1361 4586 1404 4645 §.
1447 4586 1494 4633 4.
1569 4584 1691 4635 Sunt

1769 3172 1905 3221 hodie
1932 3172 2016 3237 qui
2050 3188 2144 3222 non
2172 3174 2371 3223 credunt
2398 3190 2587 3224 earnem
2618 3175 2843 3225 habuisse

1771 3236 2038 3287 Christum:
2080 3238 2194 3303 quia
2225 3247 2274 3287 et
2309 3247 2493 3304 partum
2526 3240 2719 3304 virg-inis
2755 3242 2838 3290 de·

1768 3308 1970 3360 struunt,
1990 3310 2038 3351 et
2055 3302 2222 3351 nolunt
2240 3318 2348 3352 eum
2372 3312 2533 3353 natum
2568 3320 2628 3352 ex
2663 3304 2842 3353 semina

1768 3366 1975 3415 credere.
2041 3373 2073 3395 “
2103 3368 2313 3416 Verbum
2356 3382 2465 3416 caro
2504 3368 2683 3417 factum
2718 3370 2842 3426 est,”

1768 3445 1953 3493 prorsus
1965 3430 2170 3481 alienant
2186 3448 2215 3480 a
2227 3448 2311 3481 sua
2326 3432 2433 3489 fide,
2446 3432 2523 3481 vel
2541 3433 2698 3497 potius
2708 3449 2739 3481 a
2754 3449 2843 3482 sua

1767 3494 2053 3545 infidelitate.
2106 3498 2273 3545 Totam
2292 3496 2429 3545 istam
2444 3496 2843 3562 dispensationem

1766 3559 1929 3609 salutis
1948 3570 2133 3616 nostrae,
2156 3563 2282 3626 quod
2302 3562 2454 3610 factus
2480 3570 2552 3609 est
2583 3561 2727 3610 homo
2754 3578 2843 3629 pro

1766 3622 2044 3673 inveniendo
2099 3626 2302 3682 homine,
2344 3625 2427 3690 qui
2480 3627 2614 3674 Deus
2661 3626 2843 3675 fecerat

1766 3686 2034 3745 hominem3
2077 3697 2223 3738 totum
2258 3691 2366 3747 hoc,
2387 3691 2515 3754 quod
2540 3690 2757 3739 Christus
2788 3691 2842 3739 in

1764 3751 2074 3801 remissionem
2120 3764 2411 3818 peccatorem
2455 3763 2718 3804 nostrorum
2762 3770 2844 3805 ve·

1766 3830 1891 3875 rum,
1913 3822 2008 3864 non
2032 3816 2201 3865 falsum
2232 3818 2505 3881 sanguinem
2530 3819 2665 3877 fudit,
2698 3830 2749 3868 et
2778 3820 2841 3869 de

1769 3894 1877 3927 vero
1908 3896 1993 3928 suo
2020 3881 2245 3945 sanguine
2275 3882 2635 3947 chirographum
2663 3899 2841 3948 pecca-

1765 3950 1918 3992 torum
1939 3954 2197 3993 nostrorum
2217 3946 2414 4003 delevit3
2449 3946 2539 3995 hoc
2561 3955 2713 3997 totum
2738 3948 2841 3997 hae-

1767 4008 1895 4056 retici
1948 4009 2240 4058 damnabiles
2292 4026 2519 4059 evacuare
2585 4020 2841 4061 conantur.

1767 4072 1940 4121 Totum
1976 4074 2083 4132 hoc,
2107 4086 2160 4122 ut
2182 4074 2442 4123 Manichaei
2468 4075 2685 4132 credunt,
2708 4078 2843 4141 quod

1764 4136 1981 4202 apparuit
2020 4138 2171 4187 oculis
2207 4138 2466 4195 hominum,
2500 4138 2690 4203 spiritus
2733 4141 2843 4199 fuit,

1765 4216 1874 4249 caro
1918 4218 2013 4249 non
2052 4202 2154 4251 fuit.
2226 4204 2303 4251 Ib.
2348 4203 2501 4251 Serm.
2538 4205 2654 4253 237.
2701 4206 2745 4268 §.
2796 4208 2839 4255 1.

1768 4265 2050 4326 Photiniani,
2094 4267 2234 4316 homo
2278 4276 2459 4316 tantum
2485 4286 2499 4327 ;
2558 4269 2839 4325 Manichaei,

1766 4330 1899 4379 Deus
1918 4338 2119 4379 tantum.
2178 4332 2256 4380 Illi
2277 4332 2395 4379 nihil
2418 4332 2629 4382 divinum
2653 4333 2705 4381 in
2731 4335 2838 4382 Do-

1762 4393 1889 4442 mino
1919 4396 2227 4453 confitentum
2262 4395 2335 4443 isti
2368 4397 2502 4459 quasi
2533 4404 2684 4445 totum
2717 4398 2838 4446 divi-

1764 4474 1895 4513 num,
1916 4467 1966 4507 et
1983 4467 2139 4508 tamen
2156 4468 2251 4507 tam
2272 4460 2461 4517 falsum,
2482 4470 2536 4509 ut
2557 4476 2645 4509 nec
2666 4463 2837 4511 saltem

1763 4521 2041 4573 humanum.
2087 4524 2135 4571 Si
2158 4524 2284 4573 enim
2308 4524 2449 4573 homo
2471 4540 2565 4574 non
2586 4534 2706 4585 erat,
2723 4542 2837 4590 ergo

1764 4593 1974 4639 mortuus
1994 4604 2088 4639 non
2108 4597 2196 4646 est,
2216 4604 2327 4654 ergo
2349 4588 2605 4640 crucifixus
2625 4606 2723 4641 non
2745 4599 2835 4649 est,
