3042 5059
549 551 645 601 V1.

482 615 675 664 Medio·

483 680 584 730 lani

736 389 860 448 154
1299 385 1365 449 S.
1397 385 1915 449 AUGUSTINI
1960 381 2376 450 EPISCOPI

819 543 917 603 14.
965 538 1128 602 Inde
1166 541 1281 603 ubi
1313 547 1571 624 tempus
1611 541 1869 604 advenit
1910 562 2039 625 quo
2067 561 2171 604 me
2200 562 2436 605 nomen
2476 540 2667 606 dare!
2696 549 2941 626 oporte-

723 648 837 717 ret,
865 641 1089 703 relicto
1117 663 1282 718 rure,
1312 641 1757 705 Mediolanum
1802 643 2241 705 remeavimus
2330 644 2585 706 Placuit
2612 652 2682 707 et
2710 645 2942 727 Alypio

481 744 691 810 baptiza-
721 742 971 806 renasci
1001 742 1069 803 in
1100 750 1160 804 10
1191 763 1461 820 mecum,
1494 741 1633 827 jam
1673 743 1899 805 induto
1940 743 2300 806 humilitate
2341 744 2785 808 Sacramentis
2828 746 2944 808 tuis

483 816 561 857 tur
579 825 689 858 cum

481 873 661 938 Alypio
723 863 1026 924 congrua,
1062 851 1126 906 et
1165 843 1511 907 fortissimo
1560 842 1856 906 domitori
1900 843 2207 926 corporiS,
2250 865 2456 927 usque
2507 844 2593 907 ad
2640 846 2943 908 Italicum

481 939 706 1052 ἓὶἷὲξῑθῡ·
721 945 928 1006 solum
979 944 1247 1025 glaciale
1292 943 1469 1007 nudo
1518 939 1686 1026 pede
1735 943 2153 1008 obterendum
2203 945 2465 1008 insolito
2514 968 2701 1010 ausu,

2818 949 2944 1011 Ad·
3017 939 3018 968 ³

707 1045 1048 1129 junximus
1105 1046 1299 1108 etiam
1352 1045 1545 1107 nobis
1599 1067 1865 1129 puerum
1940 1043 2340 1110 Adeodatum
2404 1068 2489 1110 ex
2548 1069 2654 1110 me
2720 1056 2941 1111 natum
3017 1127 3018 1132 η

720 1146 1057 1209 carnaliter
1087 1144 1166 1208 de
1193 1151 1462 1227 peccato
1490 1165 1654 1207 meo,
1746 1145 1851 1208 Tu
1887 1146 2052 1208 bene
2080 1145 2321 1211 feceras
2352 1169 2515 1211 eum.
2606 1151 2942 1212 Annorum
3017 1137 3018 1146 ἵ

717 1255 854 1309 erat
879 1247 1075 1308 ferme
1105 1245 1474 1328 quindecim
1486 1252 1526 1322 ⁸,
1557 1253 1622 1308 et
1659 1245 1921 1326 ingenio
1960 1248 2395 1328 praeveniebat
2434 1251 2675 1313 multos
2722 1272 2941 1330 graves

717 1357 783 1410 et
829 1346 1055 1411 doctos
1102 1347 1290 1408 viros
1407 1347 1685 1410 Munera
1726 1353 1837 1410 tua
1870 1347 1990 1409 tibi
2041 1348 2373 1428 confiteor,
2418 1350 2711 1414 Domine
2766 1353 2939 1415 Deus

715 1471 918 1526 111003,
970 1456 1212 1512 creator
1271 1448 1578 1526 omnium,
1631 1457 1695 1512 et
1740 1451 2013 1512 multum
2069 1459 2302 1533 potens
2359 1451 2675 1516 formare*
2724 1462 2938 1518 nostra
3017 1509 3018 1522 ἢ

715 1549 1054 1612 deformia:
1099 1571 1251 1612 nam
1289 1571 1410 1631 ego
1453 1549 1525 1611 in
1568 1551 1681 1612 illo
1725 1559 1929 1632 puero
1966 1560 2197 1634 praeter
2234 1551 2540 1616 delictum
2577 1575 2719 1617 non
2745 1555 2931 1619 habe·
3017 1579 3018 1622 ῑ

712 1652 882 1714 bam.
972 1650 1164 1723 Quod
1205 1651 1378 1714 enim
1421 1651 1856 1714 enutriebatur
1893 1673 1933 1714 a
1970 1653 2158 1715 nobis
2198 1653 2269 1714 in
2312 1653 2662 1737 disciplina
2706 1665 2845 1734 tua,
2874 1665 2933 1720 tu
3017 1643 3018 1646 Ἴ

695 1750 1138 1834 inspiraveras
1181 1752 1392 1829 nobiS,
1433 1752 1651 1814 nullus
1697 1751 1892 1814 alius:
1962 1773 2224 1816 munera
2266 1764 2377 1818 tua
2427 1755 2546 1818 tibi
2600 1757 2929 1820 confiteor.

715 1852 840 1914 Est
866 1851 1031 1914 liber
1058 1860 1274 1916 noster
1303 1853 1415 1935 qui
1443 1852 1835 1933 inscribitur,
1866 1853 1947 1915 de
1958 1853 2336 1934 Magistro⁸z
2383 1855 2525 1938 ipse
2554 1856 2654 1918 ibi
2682 1879 2933 1921 mecum

713 1952 1015 2036 loquitur.
1105 1955 1211 2016 Tu
1240 1954 1367 2017 scis
1395 1954 1571 2016 illius
1611 1975 1750 2017 esse
1790 1975 1977 2017 sensa
2016 1957 2231 2026 omnia
2272 1978 2417 2039 quae
2444 1957 2825 2020 inseruntur
2850 1959 2931 2022 ibi

716 2075 802 2116 ex
842 2075 1116 2136 persona
1158 2056 1570 2119 collocutoris
1613 2055 1760 2131 mei,
1804 2076 1953 2118 cum
2002 2064 2174 2119 esset
2218 2057 2289 2120 in
2338 2058 2524 2120 annis
2576 2059 2929 2123 sexdecim.

716 2154 932 2217 Multa
959 2155 1096 2238 ejus
1127 2155 1254 2218 alia
1280 2157 1673 2219 mirabiliora
1702 2163 2007 2238 expertus
2038 2177 2196 2219 sum.
2285 2158 2555 2220 Horrori
2594 2160 2767 2222 mihi
2810 2170 2933 2224 erat

714 2255 877 2317 illud
902 2256 1262 2336 ingenium3
1309 2265 1374 2320 et
1403 2258 1551 2340 quis
1577 2265 1807 2341 praeter
1832 2264 1896 2318 te
1926 2257 2152 2320 talium
2178 2257 2629 2322 miraculorum
2662 2259 2927 2342 opifex?

713 2356 864 2419 Cito
893 2355 974 2418 de
1003 2365 1167 2419 terra
1196 2358 1517 2420 abstulisti
1548 2359 1745 2420 vitam
1776 2356 1915 2441 ejus
1939 2381 1957 2434 ;
2002 2368 2066 2420 et
2108 2360 2386 2422 securior
2425 2382 2571 2424 eum
2608 2361 2928 2441 recordor,

709 2477 843 2518 non
873 2457 1102 2520 timens
1133 2458 1486 2541 quidquam
1522 2457 1835 2541 pueritiae‚
1865 2479 1986 2522 nec
2016 2457 2484 2537 adolescentiae,
2510 2482 2634 2524 nec
2666 2463 2928 2524 omnino

709 2558 956 2620 homini
998 2560 1111 2621 1111.
1203 2559 1603 2622 Sociavimus
1648 2580 1795 2621 eum
1840 2579 2126 2622 coaevum
2174 2561 2365 2624 nobis
2413 2562 2486 2623 in
2523 2565 2749 2643 ‘gratia
2800 2571 2926 2640 tua,

711 2660 1114 2724 educandum
1155 2661 1226 2723 in
1265 2660 1611 2744 disciplina
1646 2668 1793 2738 tua3
1838 2668 1903 2723 et
1941 2661 2256 2744 baptizati
2286 2681 2507 2726 sumus
2518 2663 2563 2741 ⁵,
2593 2672 2662 2727 et
2688 2665 2866 2745 fugit
2890 2687 2927 2728 a

774 2921 802 2960 5
827 2915 936 2965 Vid.
950 2916 1194 2983 sup.l.viii.
1214 2917 1254 2978 ξ.
1267 2919 1314 2964 4.
1343 2917 1419 2964 De
1435 2916 1526 2964 1130
1541 2915 1783 2964 nominum

707 2979 1006 3046 inscriptione
1023 2981 1116 3031 vid.
1141 2981 1394 3045 Bingham,
1409 2981 1442 3028 1.
1466 2997 1514 3027 x.
1532 2996 1574 3028 c.
1602 2981 1652 3029 2.
1672 2981 1715 3042 §.
1734 2982 1782 3028 6.

709 3050 741 3072 “
769 3047 899 3104 Quid
928 3059 1082 3094 autem
1114 3046 1242 3093 aliud
1279 3045 1374 3110 agit
1402 3053 1551 3093 1010111
1582 3053 1781 3108 tempus,

708 3125 803 3172 quo
841 3111 1295 3159 Catechumenorum
1333 3110 1488 3158 locum
1530 3116 1577 3156 et
1612 3124 1781 3156 nomen

705 3182 880 3230 tenent,
903 3175 988 3222 nisi
1009 3184 1063 3222 ut
1084 3175 1280 3222 audiant
1302 3189 1408 3237 quae
1431 3174 1546 3221 fides
1566 3181 1613 3220 et
1629 3173 1782 3236 qualis

705 3241 800 3285 vita
822 3239 991 3286 debeat
1021 3254 1118 3286 esse
1141 3238 1420 3294 Christiani3
1457 3245 1510 3286 ut
1541 3253 1647 3284 011111
1675 3241 1709 3264 “
1731 3253 1781 3286 se

704 3299 827 3364 ipsos
854 3302 1166 3366 probaverint,
1189 3311 1299 3350 tunc
1330 3303 1388 3351 de
1405 3316 1567 3350 mensa
1589 3301 1782 3348 Domini

705 3365 1008 3423 manducent,
1025 3375 1070 3414 et
1093 3367 1152 3414 de
1173 3366 1320 3414 calice
1344 3365 1780 3424 bibantt”—Quod

1846 2980 1997 3028 3010111
2019 2996 2069 3028 30
2090 2981 2266 3029 101101.”
2298 2981 2340 3042 §.
2359 2982 2434 3029 18.
2456 2982 2514 3028 de
2534 2997 2593 3029 eo
2612 2981 2774 3030 scribit
2798 2983 2923 3046 Aug.

1846 3108 2066 3156 minimus
2086 3108 2310 3165 omnium,
2332 3110 2412 3157 sed
2432 3111 2571 3172 cujus
2604 3109 2860 3172 ingenium,
2883 3129 2922 3159 31

1843 3187 2000 3220 amore
2023 3188 2118 3220 11011
2138 3172 2291 3228 fallor,
2314 3189 2535 3236 magnum
2558 3173 2784 3236 quiddam
2816 3176 2919 3240 pol-

1844 3236 2028 3290 licetur,
2054 3237 2323 3285 Adeodatus
2345 3238 2469 3285 filius
2490 3239 2675 3286 meus.”

1848 2922 2019 2973 033103,
2054 2915 2137 2980 qui
2173 2915 2330 2964 Deum
2370 2913 2595 2972 adtendit,
2628 2924 2678 2965 et
2712 2918 2777 2965 ad
2812 2933 2921 2966 eum
3017 2911 3018 2920 ¹

1846 3044 1963 3092 ibid.
1986 3045 2027 3106 ς.
2051 3046 2097 3092 6.
2164 3050 2198 3074 “
2222 3045 2335 3093 Erat
2352 3045 2493 3092 etiam
2516 3045 2762 3094 nobiscum
2784 3055 2919 3122 aetate
3017 3085 3018 3104 ἶ

1910 3306 1933 3332 ⁸
1966 3309 2001 3330 “
2029 3303 2088 3350 In
2125 3317 2237 3364 quo,
2271 3301 2548 3364 disputatur,
2582 3311 2631 3350 et
2672 3302 2918 3366 quaeritur,
3017 3299 3018 3304 ’

1840 3373 1887 3413 01
1900 3364 2147 3419 invenitur.
2162 3365 2425 3428 magistrum
2442 3381 2536 3414 000
2552 3381 2669 3422 0330,
2682 3367 2765 3430 qui
2778 3368 2918 3416 docet
3017 3385 3018 3398 ³

705 3436 860 3477 autem
897 3431 948 3477 fit
980 3446 1062 3494 per
1092 3445 1230 3478 omne
1258 3439 1458 3494 tempus,
1481 3446 1576 3493 quo
1603 3429 1651 3476 in
1686 3430 1779 3476 Ec-

702 3491 844 3540 clesia
887 3494 1132 3542 salubriter
1166 3494 1462 3542 constitutum
1505 3501 1591 3548 est,
1631 3501 1679 3541 ut
1716 3493 1777 3541 ad

702 3570 876 3604 nomen
900 3557 1070 3606 Christi
1090 3558 1364 3606 accedentes
1397 3557 1770 3605 Catechumeno·

702 3634 805 3666 rum
839 3621 1009 3682 gradus
1041 3621 1262 3683 excipiat,
1285 3621 1373 3669 hoc
1404 3621 1454 3668 fit
1482 3621 1631 3670 multo
1666 3622 1771 3668 dili·

700 3682 884 3746 gentius
920 3692 968 3732 et
1003 3684 1248 3733 instantius
1283 3685 1354 3734 his
1387 3685 1567 3740 diebus,
1605 3685 1774 3750 quibus

702 3748 1032 3812 Competentes
1079 3757 1320 3802 vocantur.
1357 3763 1465 3796 cum
1513 3751 1572 3796 ad
1621 3749 1769 3814 perci-

699 3810 922 3875 piendum
973 3811 1255 3877 baptismum
1303 3828 1389 3860 sua
1431 3813 1621 3861 nomina
1668 3814 1769 3878 jam

697 3877 971 3927 dederunt.’'
1027 3879 1154 3940 Aug.
1182 3878 1242 3926 de
1269 3876 1349 3926 fid.
1371 3885 1415 3925 et
1437 3878 1616 3940 operib.
1646 3880 1686 3939 §.
1723 3879 1771 3927 9.

697 3941 776 3988 De
820 3940 968 4005 seipso
1007 3948 1162 3989 autem
1206 3941 1270 3989 ait
1311 3941 1440 4006 Aug.
1474 3942 1543 3990 ib.

695 4021 844 4069 usque
862 4006 979 4054 adeo
1011 4005 1402 4054 dissimulamus-a
1423 4006 1634 4054 sensibus
1662 4021 1769 4053 nos·

695 4069 793 4126 tris,
836 4077 890 4116 ut
933 4070 1007 4118 vel
1051 4085 1135 4118 003
1179 4070 1303 4135 ipsos
1342 4086 1437 4118 nou
1476 4071 1771 4118 recordemur

694 4148 837 4196 quam
858 4133 1080 4182 fuerimus
1099 4134 1261 4182 attenti
1283 4142 1422 4198 atque
1441 4134 1629 4182 solliciti
1656 4135 1770 4198 quid

693 4197 828 4245 nobis
858 4198 1166 4262 prae-ceperint
1191 4214 1220 4246 a
1247 4199 1416 4262 quibus
1448 4198 1769 4246 catechizaba-

694 4275 816 4316 mur,
839 4277 946 4308 cum
972 4262 1109 4309 fontis
1129 4262 1255 4311 illius
1275 4271 1568 4310 sacramenta
1588 4272 1767 4326 petere·

692 4340 814 4381 mus,
836 4335 976 4390 atque
1006 4328 1067 4374 ob
1102 4325 1191 4375 1100
1217 4327 1544 4392 Competentes
1575 4341 1764 4374 vocare-

693 4403 799 4436 mur
815 4390 868 4434 ?”

757 4458 786 4485 2
819 4452 936 4517 Ejus
949 4453 1228 4501 sententiola
1243 4461 1356 4502 tunc
1379 4462 1468 4502 tem
1537 4453 1597 4502 ris
1616 4452 1663 4500 10
1684 4453 1768 4501 lib.

693 4515 752 4562 de
773 4516 914 4564 beata
934 4516 1027 4564 vita
1059 4526 1358 4566 conservatur
1380 4523 1412 4545 ⁸‘
1438 4519 1481 4566 11
1502 4533 1529 4566 e
1562 4525 1632 4566 est
1663 4531 1768 4566 vere

1632 3941 1800 3990 “An.

1842 3428 2072 3477 hominem
2112 3429 2370 3489 scientiam,
2403 3429 2489 3478 nisi
2533 3431 2713 3486 Deum,
2746 3446 2916 3479 secun-

1841 3494 1952 3541 dum
1976 3493 2095 3542 illud
2113 3492 2251 3542 etiam
2273 3495 2400 3557 quod
2421 3494 2470 3541 in
2496 3494 2754 3558 Evangelio
2770 3495 2915 3560 scrip-

1836 3566 1937 3605 tum
1958 3565 2042 3614 est,
2064 3574 2187 3606 unus
2220 3565 2289 3605 est
2316 3558 2536 3622 magister
2568 3568 2718 3607 vester
2748 3560 2914 3608 Chris-

1836 3621 1961 3668 tus.’'
2030 3622 2235 3670 Retract.
2268 3621 2300 3670 i.
2350 3624 2421 3670 12.
2458 3624 2629 3672 Exstat
2662 3638 2740 3688 ap.
2778 3625 2909 3690 Opp.

1838 3686 1917 3733 Au
1951 3718 1965 3735 .
1988 3693 2023 3734 t.
2046 3686 2081 3736 i.

1900 3701 1949 3787 bg
1958 3750 2037 3799 Ab
2087 3749 2187 3814 ipso
2232 3749 2491 3814 baptizatus
2530 3759 2602 3798 est
2647 3751 2911 3810 Ambrosio,

1834 3814 1960 3874 quod
1981 3815 2088 3880 plus
2103 3814 2242 3861 semel
2263 3822 2503 3864 memorat.
2552 3823 2587 3844 “
2605 3815 2737 3863 Audi
2754 3816 2910 3864 adhuc

1836 3877 1979 3926 alium
2028 3877 2333 3926 excellentem
2354 3877 2475 3926 -Dei
2522 3879 2909 3944 dispensatorem,

1833 3957 1971 4006 quem
1990 3957 2185 3991 veneror
2204 3951 2257 3990 ut
2280 3949 2455 4006 patrem
2474 3961 2488 4002 ;
2510 3942 2561 3990 in
2578 3942 2765 3992 Christo
2786 3945 2911 3992 enim

1834 4007 1949 4054 Jesu
1980 4021 2063 4070 per
2086 4005 2394 4070 Evangelium
2426 4007 2526 4070 ipse
2554 4023 2633 4056 me
2667 4009 2845 4072 genuit.
2864 4017 2911 4057 et

1832 4084 1889 4117 00
1929 4070 2104 4118 Christi
2138 4070 2347 4118 ministro
2385 4070 2630 4118 lavacrum
2666 4088 2908 4136 regenera-

1832 4133 1969 4183 tionis
1980 4133 2159 4199 accepi.
2197 4133 2393 4182 Beatum
2404 4135 2573 4198 loquor
2585 4136 2903 4190 Ambrosium,

1834 4197 1969 4262 cujus
2009 4214 2093 4261 pro
2131 4198 2379 4246 Catholica
2411 4199 2504 4247 fide
2542 4200 2762 4264 gratiam,
2798 4216 2905 4248 cou-

1831 4262 2068 4320 stantiam,
2092 4262 2289 4319 labores,
2313 4261 2539 4326 pericula,
2560 4264 2659 4319 sive
2694 4265 2905 4330 operibus

1830 4324 1925 4374 sive
1946 4326 2250 4379 sermonibus.
2272 4335 2319 4374 et
2338 4327 2435 4391 ipse
2456 4343 2561 4376 sum
2596 4336 2836 4394 expertus,
2860 4338 2907 4377 et

1820 4405 2003 4438 mecum
2027 4407 2122 4438 000
2145 4391 2332 4439 dubitat
2352 4391 2477 4440 orbis
2508 4393 2773 4456 praedicare
2811 4394 2903 4442 Ro-

1832 4455 2052 4502 manus-’⁸
2084 4469 2129 4503 0.
2153 4455 2334 4504 Julian.
2362 4455 2602 4520 pelagian.
2628 4459 2726 4520 }.§.
2752 4460 2826 4506 10.
2842 4457 2903 4507 ef.

1832 4519 1891 4566 de
1926 4518 2093 4583 nuptiis
2123 4528 2171 4568 et
2212 4519 2483 4584 concupisc.
2517 4521 2563 4583 §.
2600 4522 2686 4570 1111.
2728 4531 2777 4571 01
2812 4523 2901 4587 Ep.
