3042 5059
686 402 1406 467 CONFESSIONUM
1452 405 1739 471 LIBER
1782 408 1913 470 III.
2320 414 2401 475 43

187 554 514 632 videram3
566 556 758 623 etiam
807 566 945 623 tum
997 568 1383 625 commotum
1433 560 1653 638 flasse,
1688 580 1883 643 quam
1932 562 2078 645 ipso
2132 564 2401 643 somnin,

188 680 320 742 quo
369 659 626 723 feminae
674 660 802 743 piae
855 660 1162 741 gaudium
1210 670 1388 727 tanto
1436 669 1588 745 post
1636 661 1939 738 futurum,
1978 661 2063 725 ad
2112 666 2401 731 consola-

185 758 430 821 tionem
459 767 616 824 tunc
645 762 980 842 praesentis
1011 762 1482 839 sollicitudiniS,
1501 770 1683 827 tanto
1712 770 1861 827 ante
1891 762 2267 847 praedictum
2282 776 2399 831 est.

185 861 362 923 Nam
392 882 626 925 novem
667 862 862 927 ferme
905 862 1060 925 anni
1099 864 1302 927 secuti
1333 872 1502 940 sunt,
1534 863 1773 947 quibus
1814 885 1937 945 ego
1977 864 2047 927 in
2088 864 2203 927 illo
2244 866 2399 929 limo

181 961 493 1043 profimdi
531 984 608 1027 ac
650 963 929 1027 tenebris
971 965 1286 1043 falsitatiS‚
1322 986 1468 1028 cum
1511 986 1687 1047 saepe
1728 986 1983 1046 surgere
2022 984 2307 1045 conarer,
2336 976 2401 1031 et

183 1064 446 1144 gravius
479 1063 792 1142 alliderer,
822 1067 1146 1131 volutatus
1179 1089 1348 1131 sum:
1395 1088 1545 1130 cum
1580 1076 1793 1129 tamen
1827 1067 1942 1131 illa
1970 1065 2167 1131 vidua
2200 1078 2397 1145 casta,

181 1164 298 1247 pia
331 1174 398 1229 et
429 1166 662 1244 sobria,
693 1168 914 1249 quales
953 1188 1150 1245 amaS,
1170 1167 1309 1253 jam
1339 1166 1601 1252 quidem
1634 1188 1748 1249 spe
1780 1168 2069 1244 alacrior,
2100 1168 2215 1231 sed
2244 1170 2398 1235 fletu

181 1275 247 1329 et
277 1268 522 1348 gemitu
551 1289 682 1329 non
711 1268 985 1348 segnior,
1002 1289 1133 1330 11011
1155 1267 1471 1331 desineret
1496 1268 1675 1331 horis
1704 1268 1999 1331 omnibus
2030 1270 2389 1333 orationum

181 1391 442 1433 suarum
488 1369 570 1434 de
613 1394 717 1435 me
758 1374 1062 1455 plangere
1109 1373 1192 1436 ad
1235 1380 1335 1448 te3
1387 1380 1452 1435 et
1491 1371 1833 1434 intrabant
1874 1374 1949 1433 in
1991 1382 2393 1453 conspectum
2416 1393 2497 1443 Ps.
2518 1395 2601 1454 87,

183 1479 372 1533 tuum
409 1494 643 1552 preces
689 1474 850 1557 ejus,
893 1482 959 1537 et
1004 1496 1110 1537 me
1159 1482 1374 1537 tamen
1423 1472 1794 1537 dimittebas
1845 1472 2055 1539 adhuc
2108 1474 2279 1537 volvi
2331 1483 2397 1538 et
2412 1458 2462 1508 ³·

179 1573 426 1635 involvi
455 1574 570 1637 illa
599 1574 894 1655 caligine.

265 1677 371 1735 21.
417 1675 512 1737 Et
568 1674 801 1738 dedisti
860 1677 1126 1739 alterum
1175 1696 1553 1760 responsum
1604 1675 1879 1753 interim,
1932 1674 2106 1759 quod
2153 1678 2389 1740 recolo.
2460 1689 2585 1740 ΧΠ.

181 1776 356 1838 Nam
391 1785 459 1839 et
491 1777 696 1841 multa
731 1787 1058 1859 praetereo,
1088 1787 1355 1863 propter
1385 1776 1561 1862 quod
1586 1797 1862 1859 propero
1894 1775 1979 1839 ad
2006 1798 2084 1841 ea
2113 1799 2257 1861 quae
2288 1798 2390 1841 me
2411 1753 2569 1809 Q¹¹⁸¹⁰

2408 1831 2481 1863 1⁸0⁸
2576 1845 2599 1858 a

176 1876 389 1957 magis
439 1886 671 1959 urgent
719 1880 1009 1943 confiteri
1051 1880 1191 1959 tibi,
1234 1889 1302 1944 et
1346 1880 1552 1942 multa
1591 1898 1721 1940 non
1766 1878 2044 1940 memini.
2135 1876 2393 1940 Dedisti
2408 1832 2576 1929 zugon

178 1998 332 2058 ergo
363 1979 632 2043 alterum
667 2001 784 2062 per
823 1980 1216 2045 sacerdotem
1254 1989 1456 2057 tuum,
1487 1978 1831 2063 quemdam
1858 1978 2235 2061 episcopum
2270 2000 2389 2041 nu·
2405 1952 2598 2073 mig.-

175 2082 399 2143 tritum
429 2082 498 2143 in
528 2083 845 2161 Ecclesia,
877 2092 941 2147 et
968 2086 1387 2151 exercitatum
1415 2085 1485 2146 in
1514 2083 1730 2146 Libris
1757 2084 1905 2145 tuis.
1994 2082 2202 2157 Quem
2240 2104 2389 2147 cum
2404 2072 2595 2186 ξέἱῆῑξ·

175 2183 290 2246 1110
317 2184 562 2247 femina
585 2194 873 2266 rogasset
900 2194 974 2248 ut
1002 2186 1369 2269 dignaretur
1392 2209 1646 2251 mecum
1679 2185 1984 2269 colloqui,
2016 2193 2081 2249 et
2106 2186 2387 2249 refellere
2404 2153 2611 2274 qugdnm

177 2305 420 2349 errores
447 2308 646 2366 meOS,
677 2294 743 2349 et
782 2286 1096 2351 dedocere
1137 2310 1240 2353 me
1274 2290 1462 2367 mala,
1493 2310 1571 2352 ac
1612 2288 1839 2351 docere
1881 2288 2057 2350 bona
2093 2284 2390 2362 (faciebat
2404 2280 2627 2379 3¹:⁰⁴}ss

175 2387 351 2449 enim
390 2388 539 2464 hoc,
570 2388 624 2450 si
663 2410 826 2472 quos
863 2390 1024 2451 forte
1063 2388 1332 2452 idoneos
1369 2390 1771 2470 invenisset);
1833 2389 2041 2451 noluit
2078 2388 2210 2465 ille,
2238 2410 2387 2471 pru·
2404 2346 2597 2469 0110εὲ1·-

176 2485 404 2551 denter
461 2510 635 2565 sane,
683 2497 993 2573 quantum
1055 2491 1224 2553 sensi
1280 2501 1522 2573 postea.
1634 2488 2001 2573 Respondit
2057 2488 2229 2553 enim
2286 2511 2389 2553 me
2405 2473 2551 2509 ‘¹⁰⁰⁸‘

177 2588 394 2652 adhuc
423 2610 566 2653 esse
591 2589 958 2667 indocilem,
980 2610 1057 2654 eo
1088 2590 1264 2675 quod
1291 2592 1553 2656 inflatus
1582 2612 1789 2654 essem
1816 2590 2099 2655 novitate
2127 2590 2391 2653 haeresis

178 2689 372 2767 illius,
404 2699 470 2753 et
496 2691 822 2754 nonnullis
853 2691 1372 2775 quaestiunculis⁰
1383 2692 1522 2776 jam
1552 2694 1785 2755 multos
1814 2690 2145 2775 imperitos
2164 2691 2387 2772 exagi-

173 2798 436 2867 tassem,
483 2791 650 2854 sicut
695 2791 810 2855 illa
855 2791 1250 2857 indicaverat
1287 2792 1366 2856 ei.
1475 2794 1515 2826 “
1552 2792 1683 2857 Sed
1726 2793 1884 2869 sine,
1928 2792 2161 2876 inquit,
2203 2792 2387 2857 illum

173 2894 214 2924 “
246 2892 364 2969 ibi,
394 2901 462 2955 et
487 2901 734 2957 tantum
763 2914 921 2975 roga
948 2914 1064 2977 pro
1096 2916 1172 2958 eo
1205 2895 1587 2958 Dominum:
1608 2894 1777 2975 -ipse
1804 2893 2081 2975 legendo
2116 2894 2389 2975 reperiet

175 2996 216 3026 “
248 2993 397 3077 quis
426 2994 535 3057 ille
567 2995 651 3057 sit
677 3016 866 3072 error,
896 3003 960 3059 et
990 3004 1230 3080 quanta
1257 2996 1615 3079 impietas?
1704 2994 1911 3059 Simul
1941 2994 2135 3057 etiam
2170 3014 2385 3057 narra·

175 3095 268 3157 vit
311 3116 382 3157 se
428 3117 688 3180 quoque
727 3097 1063 3178 parvulum
1109 3118 1148 3159 a
1193 3096 1457 3161 seducta
1499 3104 1699 3159 matre
1744 3116 1861 3158 sua
1910 3095 2131 3158 datum
2186 3094 2385 3157 fuisse

175 3196 588 3274 ManichaeiS,
620 3205 685 3260 et
721 3218 943 3259 omnes
980 3219 1146 3279 pene
1190 3218 1322 3261 non
1363 3197 1598 3279 legisse
1636 3204 1905 3273 tantum,
1935 3217 2153 3259 verum
2192 3195 2385 3259 etiam

176 3296 572 3381 scriptitasse
615 3297 812 3360 libros
857 3319 1103 3373 eorum3
1180 3298 1431 3382 sibique
1488 3297 1883 3381 apparuisse,
1927 3297 2109 3359 nullo
2165 3304 2386 3359 contra

176 3394 548 3479 disputante
593 3406 658 3461 et
699 3399 1140 3477 convincente,
1185 3418 1377 3481 quam
1423 3407 1595 3461 esset
1646 3399 1760 3462 illa
1816 3405 1993 3461 secta
2045 3397 2380 3479 fugienda3

173 3696 182 3707 ·
236 3636 264 3665 ¹¹
305 3631 399 3679 Sed
423 3647 499 3706 me
521 3632 615 3681 duo
642 3634 859 3697 quaedam
897 3633 1114 3692 maxime,
1137 3648 1244 3697 quae
1312 3634 1452 3706 Quod
1487 3633 1743 3683 altercandi
1774 3649 1920 3698 genus
1953 3632 2064 3697 quia
2096 3639 2201 3707 post
2212 3647 2380 3706 ‘eorum

171 3704 412 3744 incautam
456 3696 590 3744 111001
631 3706 817 3745 aetatem
856 3697 994 3747 facile
1033 3696 1243 3762 capiunt,
1308 3697 1589 3746 auditionem
1610 3714 1849 3762 aggressus
1870 3713 2015 3752 eram,
2030 3697 2256 3761 quidquid
2277 3711 2381 3743 meo

172 3777 252 3825 per
276 3760 581 3809 admirabiles
611 3762 838 3810 adtrivere
869 3761 1106 3818 circuitus,
1129 3777 1244 3825 quo·

169 3840 271 3873 rum
313 3834 386 3873 est
421 3840 570 3872 unum
605 3825 910 3880 familiaritas.
945 3826 1100 3875 nescio
1128 3842 1246 3890 quo-

167 3890 308 3937 modo
341 3904 515 3953 repens
543 3891 744 3952 quadam
780 3890 982 3955 imagine
1013 3890 1246 3948 bonitatis,

171 3961 416 4027 tamquam
476 3953 712 4003 sinuosum
766 3954 956 4019 aliquod
1004 3954 1245 4003 vinculum

167 4017 494 4083 multipliciter
529 4018 654 4067 collo
682 4018 960 4067 involutum.
1029 4019 1243 4067 Alterum

167 4083 294 4145 quod
326 4081 550 4147 quasdam
585 4083 726 4131 noxia
759 4082 952 4131 victoria
981 4098 1100 4147 pene
1133 4082 1244 4131 mihi

166 4160 352 4211 semper
411 4145 463 4193 in
521 4146 908 4211 disputationibus
948 4146 1250 4212 proveniebat

165 4210 410 4259 disserenti
446 4226 559 4258 curn
601 4211 872 4259 Christianis
903 4211 1145 4277 imperitis,
1167 4212 1248 4259 sed

166 4281 326 4323 tamen
368 4274 512 4323 fidem
565 4290 696 4323 suam
748 4276 976 4329 certatim,
1018 4284 1071 4324 ut
1122 4276 1248 4339 quis-

166 4354 259 4402 que
280 4347 456 4403 posset,
478 4338 726 4389 defendere
757 4340 1070 4389 molientibus.
1137 4342 1248 4397 Quo

166 4418 388 4451 successu
404 4403 686 4451 creberrimo
705 4405 928 4468 gliscebat
943 4404 1248 4453 adolescentis

167 4466 457 4524 animositas,
481 4476 530 4515 et
555 4468 732 4534 impetu
768 4486 854 4517 suo
887 4468 935 4517 in
973 4468 1245 4534 pervicaciae

167 4546 397 4595 magnum
435 4532 618 4581 malum
657 4532 974 4598 imprudenter
1005 4534 1239 4598 vergebat.

1308 3761 1384 3809 vel
1405 3761 1739 3827 qualicumque
1768 3762 1955 3827 ingenio
1978 3760 2051 3810 vel
2083 3760 2185 3809 aliis
2216 3760 2379 3809 lectio-

1310 3826 1447 3874 nibus
1468 3834 1695 3891 poteram‚
1717 3826 1827 3875 solis
1855 3825 1948 3873 illis
1967 3825 2265 3874 libentissime
2298 3824 2378 3870 tri·

1312 3890 1537 3939 buebam.
1573 3892 1649 3939 Ita
1664 3906 1722 3939 ex
1732 3890 1921 3939 illorum
1940 3889 2228 3937 sermonibus
2243 3888 2379 3935 ardor

1310 3953 1358 4002 in
1401 3956 1672 4012 certamina,
1714 3970 1774 4003 ex
1815 3953 2115 4002 certaminum
2152 3959 2377 4016 proventu

1311 4033 1442 4066 amor
1477 4019 1528 4065 in
1565 4018 1670 4066 illos
1708 4018 1911 4082 quotidie
1944 4018 2234 4064 movebatur.
2300 4016 2375 4062 Ex

1309 4098 1403 4147 quo
1428 4082 1684 4137 accidebat,
1704 4090 1756 4129 ut
1770 4080 1995 4146 quidquid
2009 4080 2235 4135 dicerent,
2249 4078 2377 4127 miris

1311 4146 1593 4211 quibusdam
1617 4145 1778 4201 modis,
1802 4160 1897 4192 non
1918 4144 2029 4209 quia
2048 4143 2272 4196 sciebam,
2294 4144 2376 4191 sed

1313 4209 1423 4275 quia
1455 4211 1676 4275 optabam
1709 4224 1871 4258 verum
1903 4224 2019 4263 esse,
2041 4223 2124 4272 pro
2147 4222 2256 4255 vero
2290 4222 2373 4271 ap·

1314 4276 1575 4339 probarem.
1644 4275 1721 4321 Ita
1753 4272 1929 4321 factum
1958 4280 2042 4326 est,
2077 4281 2131 4319 ut
2163 4270 2376 4335 quamvis

1313 4338 1593 4403 pedetentim
1630 4346 1770 4402 atque
1803 4345 1957 4393 caute,
1996 4344 2152 4384 tamen
2185 4335 2267 4383 diu
2300 4350 2375 4383 se·

1309 4418 1476 4467 queret
1505 4402 1716 4451 homines
1743 4401 1933 4449 nitidam
1963 4401 2182 4465 stipulam
2205 4398 2377 4449 viventi

1310 4467 1478 4515 animae
1502 4466 1811 4532 preferentes.
1850 4464 1969 4541 [vid.
1992 4480 2043 4512 su
2082 4501 2094 4513 .
2119 4464 2161 4525 §.
2182 4465 2260 4512 18.
2280 4470 2379 4513 not.

1310 4532 1376 4596 s.]
1402 4532 1529 4596 Aug.
1551 4532 1611 4580 de
1628 4531 1771 4580 duab.
1786 4545 1932 4579 amm.
1956 4544 1999 4577 0.
2074 4528 2228 4577 anich.
2244 4530 2285 4591 §.
2301 4529 2379 4575 ll.
