<?xml version="1.0" encoding="UTF-8"?>
<!DOCTYPE html PUBLIC "-//W3C//DTD XHTML 1.0 Transitional//EN"
    "http://www.w3.org/TR/xhtml1/DTD/xhtml1-transitional.dtd">
<html xmlns="http://www.w3.org/1999/xhtml" xml:lang="en" lang="en">
 <head>
  <title>
</title>
<meta http-equiv="Content-Type" content="text/html;charset=utf-8" />
  <meta name='ocr-system' content='tesseract 3.04.00' />
  <meta name='ocr-capabilities' content='ocr_page ocr_carea ocr_par ocr_line ocrx_word'/>
</head>
<body>
  <div class='ocr_page' id='page_1' title='image "./confessionespos00dubogoog_0045.png"; bbox 0 0 3042 5059; ppageno 0'>
   <div class='ocr_carea' id='block_1_1' title="bbox 755 376 2451 449">
    <p class='ocr_par' dir='ltr' id='par_1_1' title="bbox 755 376 2451 449">
     <span class='ocr_line' id='line_1_1' title="bbox 755 376 2451 449; baseline -0.001 -10"><span class='ocrx_word' id='word_1_1' title='bbox 755 376 1476 449; x_wconf 88' lang='lat' dir='ltr'>CONFESSIONUM</span> <span class='ocrx_word' id='word_1_2' title='bbox 1521 376 1806 439; x_wconf 87' lang='lat' dir='ltr'><strong>LIBER</strong></span> <span class='ocrx_word' id='word_1_3' title='bbox 1850 376 1939 438; x_wconf 90' lang='lat' dir='ltr'><strong>II.</strong></span> <span class='ocrx_word' id='word_1_4' title='bbox 2368 380 2451 437; x_wconf 77' lang='lat'><strong>23</strong></span> 
     </span>
    </p>
   </div>
   <div class='ocr_carea' id='block_1_2' title="bbox 219 530 2689 4366">
    <p class='ocr_par' dir='ltr' id='par_1_2' title="bbox 229 530 2455 2135">
     <span class='ocr_line' id='line_1_2' title="bbox 235 530 2451 615; baseline 0 -23"><span class='ocrx_word' id='word_1_5' title='bbox 235 551 378 593; x_wconf 85' lang='lat' dir='ltr'><strong>rum</strong></span> <span class='ocrx_word' id='word_1_6' title='bbox 421 531 758 609; x_wconf 88' lang='lat' dir='ltr'><strong>bonorum,</strong></span> <span class='ocrx_word' id='word_1_7' title='bbox 788 552 934 615; x_wconf 85' lang='lat' dir='ltr'><strong>quae</strong></span> <span class='ocrx_word' id='word_1_8' title='bbox 976 530 1201 597; x_wconf 85' lang='lat' dir='ltr'><strong>infima</strong></span> <span class='ocrx_word' id='word_1_9' title='bbox 1243 530 1550 608; x_wconf 70' lang='lat' dir='ltr'><strong>diximuS,</strong></span> <span class='ocrx_word' id='word_1_10' title='bbox 1579 552 1721 595; x_wconf 87' lang='lat' dir='ltr'><strong>esse</strong></span> <span class='ocrx_word' id='word_1_11' title='bbox 1745 530 2035 613; x_wconf 57' lang='lat' dir='ltr'><strong>&gt;potuisse</strong></span> <span class='ocrx_word' id='word_1_12' title='bbox 2066 530 2451 613; x_wconf 82' lang='lat' dir='ltr'><strong>apparuerit,</strong></span> 
     </span>
     <span class='ocr_line' id='line_1_3' title="bbox 235 630 2451 715; baseline 0 -20"><span class='ocrx_word' id='word_1_13' title='bbox 235 638 351 695; x_wconf 83' lang='lat' dir='ltr'><strong>aut</strong></span> <span class='ocrx_word' id='word_1_14' title='bbox 391 639 603 695; x_wconf 83' lang='lat' dir='ltr'><strong>metus</strong></span> <span class='ocrx_word' id='word_1_15' title='bbox 648 631 1000 695; x_wconf 81' lang='lat' dir='ltr'><strong>amittendi.</strong></span> <span class='ocrx_word' id='word_1_16' title='bbox 1101 632 1382 697; x_wconf 81' lang='lat' dir='ltr'><strong>Pulchra</strong></span> <span class='ocrx_word' id='word_1_17' title='bbox 1435 639 1589 695; x_wconf 88' lang='lat' dir='ltr'><strong>sunt</strong></span> <span class='ocrx_word' id='word_1_18' title='bbox 1628 631 1801 695; x_wconf 87' lang='lat' dir='ltr'><strong>enim</strong></span> <span class='ocrx_word' id='word_1_19' title='bbox 1844 639 1911 693; x_wconf 89' lang='lat' dir='ltr'><strong>et</strong></span> <span class='ocrx_word' id='word_1_20' title='bbox 1951 630 2205 708; x_wconf 72' lang='lat' dir='ltr'><strong>decora,</strong></span> <span class='ocrx_word' id='word_1_21' title='bbox 2250 652 2451 715; x_wconf 82' lang='lat' dir='ltr'><strong>quan·</strong></span> 
     </span>
     <span class='ocr_line' id='line_1_4' title="bbox 233 730 2450 818; baseline 0 -23"><span class='ocrx_word' id='word_1_22' title='bbox 233 752 438 815; x_wconf 84' lang='lat' dir='ltr'><strong>quam</strong></span> <span class='ocrx_word' id='word_1_23' title='bbox 465 754 600 815; x_wconf 83' lang='lat' dir='ltr'><strong>prae</strong></span> <span class='ocrx_word' id='word_1_24' title='bbox 625 732 816 796; x_wconf 88' lang='lat' dir='ltr'><strong>bonis</strong></span> <span class='ocrx_word' id='word_1_25' title='bbox 837 732 1272 816; x_wconf 86' lang='lat' dir='ltr'><strong>superioribus</strong></span> <span class='ocrx_word' id='word_1_26' title='bbox 1301 730 1405 797; x_wconf 69' lang='lat' dir='ltr'><strong>et*</strong></span> <span class='ocrx_word' id='word_1_27' title='bbox 1438 732 1759 799; x_wconf 71' lang='lat' dir='ltr'><strong>beatificis</strong></span> <span class='ocrx_word' id='word_1_28' title='bbox 1790 732 2043 818; x_wconf 83' lang='lat' dir='ltr'><strong>abjecta</strong></span> <span class='ocrx_word' id='word_1_29' title='bbox 2062 740 2129 795; x_wconf 89' lang='lat' dir='ltr'><strong>et</strong></span> <span class='ocrx_word' id='word_1_30' title='bbox 2146 733 2450 818; x_wconf 83' lang='lat' dir='ltr'><strong>jacentia.</strong></span> 
     </span>
     <span class='ocr_line' id='line_1_5' title="bbox 233 833 2455 920; baseline 0 -24"><span class='ocrx_word' id='word_1_31' title='bbox 233 833 690 898; x_wconf 87' lang='lat' dir='ltr'><strong>Homicidium</strong></span> <span class='ocrx_word' id='word_1_32' title='bbox 717 834 888 899; x_wconf 84' lang='lat' dir='ltr'><strong>fecit.</strong></span> <span class='ocrx_word' id='word_1_33' title='bbox 977 835 1111 899; x_wconf 85' lang='lat' dir='ltr'><strong>Cur</strong></span> <span class='ocrx_word' id='word_1_34' title='bbox 1137 834 1337 899; x_wconf 85' lang='lat' dir='ltr'><strong>fecit?</strong></span> <span class='ocrx_word' id='word_1_35' title='bbox 1414 834 1757 899; x_wconf 83' lang='lat' dir='ltr'><strong>Adamavit</strong></span> <span class='ocrx_word' id='word_1_36' title='bbox 1794 835 1931 920; x_wconf 87' lang='lat' dir='ltr'><strong>ejus</strong></span> <span class='ocrx_word' id='word_1_37' title='bbox 1970 834 2313 919; x_wconf 85' lang='lat' dir='ltr'><strong>conjugem</strong></span> <span class='ocrx_word' id='word_1_38' title='bbox 2342 842 2455 899; x_wconf 88' lang='lat' dir='ltr'><strong>aut</strong></span> 
     </span>
     <span class='ocr_line' id='line_1_6' title="bbox 229 936 2450 1021; baseline 0 -22"><span class='ocrx_word' id='word_1_39' title='bbox 229 936 575 1019; x_wconf 77' lang='lat' dir='ltr'><strong>praedium,</strong></span> <span class='ocrx_word' id='word_1_40' title='bbox 619 945 732 1001; x_wconf 83' lang='lat' dir='ltr'><strong>aut</strong></span> <span class='ocrx_word' id='word_1_41' title='bbox 771 938 978 1002; x_wconf 84' lang='lat' dir='ltr'><strong>voluit</strong></span> <span class='ocrx_word' id='word_1_42' title='bbox 1018 936 1373 1021; x_wconf 70' lang='lat' dir='ltr'><strong>depraedari</strong></span> <span class='ocrx_word' id='word_1_43' title='bbox 1427 940 1599 1002; x_wconf 87' lang='lat' dir='ltr'><strong>unde</strong></span> <span class='ocrx_word' id='word_1_44' title='bbox 1654 938 1915 1017; x_wconf 83' lang='lat' dir='ltr'><strong>viveret,</strong></span> <span class='ocrx_word' id='word_1_45' title='bbox 1960 946 2071 1003; x_wconf 89' lang='lat' dir='ltr'><strong>aut</strong></span> <span class='ocrx_word' id='word_1_46' title='bbox 2110 938 2326 1001; x_wconf 87' lang='lat' dir='ltr'><strong>timuit</strong></span> <span class='ocrx_word' id='word_1_47' title='bbox 2366 938 2450 1001; x_wconf 86' lang='lat' dir='ltr'><strong>ab</strong></span> 
     </span>
     <span class='ocr_line' id='line_1_7' title="bbox 231 1036 2450 1123; baseline 0.002 -26"><span class='ocrx_word' id='word_1_48' title='bbox 231 1036 352 1099; x_wconf 82' lang='lat' dir='ltr'><strong>illo</strong></span> <span class='ocrx_word' id='word_1_49' title='bbox 378 1040 508 1101; x_wconf 83' lang='lat' dir='ltr'><strong>tale</strong></span> <span class='ocrx_word' id='word_1_50' title='bbox 537 1038 784 1123; x_wconf 83' lang='lat' dir='ltr'><strong>aliquid</strong></span> <span class='ocrx_word' id='word_1_51' title='bbox 824 1039 1132 1116; x_wconf 85' lang='lat' dir='ltr'><strong>amittere,</strong></span> <span class='ocrx_word' id='word_1_52' title='bbox 1163 1047 1274 1103; x_wconf 89' lang='lat' dir='ltr'><strong>aut</strong></span> <span class='ocrx_word' id='word_1_53' title='bbox 1309 1042 1504 1103; x_wconf 86' lang='lat' dir='ltr'><strong>laesus</strong></span> <span class='ocrx_word' id='word_1_54' title='bbox 1544 1040 1771 1104; x_wconf 91' lang='lat' dir='ltr'><strong>ulcisci</strong></span> <span class='ocrx_word' id='word_1_55' title='bbox 1812 1061 1881 1102; x_wconf 87' lang='lat' dir='ltr'><strong>se</strong></span> <span class='ocrx_word' id='word_1_56' title='bbox 1922 1039 2180 1103; x_wconf 76' lang='lat' dir='ltr'><strong>exarsit.</strong></span> <span class='ocrx_word' id='word_1_57' title='bbox 2271 1040 2450 1101; x_wconf 91' lang='lat' dir='ltr'><strong>Num</strong></span> 
     </span>
     <span class='ocr_line' id='line_1_8' title="bbox 231 1137 2444 1223; baseline 0 -23"><span class='ocrx_word' id='word_1_58' title='bbox 231 1138 660 1203; x_wconf 83' lang='lat' dir='ltr'><strong>homicidium</strong></span> <span class='ocrx_word' id='word_1_59' title='bbox 710 1139 848 1203; x_wconf 89' lang='lat' dir='ltr'><strong>sine</strong></span> <span class='ocrx_word' id='word_1_60' title='bbox 897 1160 1094 1203; x_wconf 82' lang='lat' dir='ltr'><strong>causa</strong></span> <span class='ocrx_word' id='word_1_61' title='bbox 1139 1140 1396 1217; x_wconf 86' lang='lat' dir='ltr'><strong>faceret,</strong></span> <span class='ocrx_word' id='word_1_62' title='bbox 1446 1141 1593 1223; x_wconf 85' lang='lat' dir='ltr'><strong>ipso</strong></span> <span class='ocrx_word' id='word_1_63' title='bbox 1641 1139 1995 1204; x_wconf 88' lang='lat' dir='ltr'><strong>homicidio</strong></span> <span class='ocrx_word' id='word_1_64' title='bbox 2044 1137 2444 1203; x_wconf 84' lang='lat' dir='ltr'><strong>delectatus?</strong></span> 
     </span>
     <span class='ocr_line' id='line_1_9' title="bbox 231 1238 2447 1325; baseline 0 -23"><span class='ocrx_word' id='word_1_65' title='bbox 231 1238 402 1311; x_wconf 80' lang='lat' dir='ltr'><strong>Quis</strong></span> <span class='ocrx_word' id='word_1_66' title='bbox 433 1238 818 1303; x_wconf 79' lang='lat' dir='ltr'><strong>crediderit?</strong></span> <span class='ocrx_word' id='word_1_67' title='bbox 896 1240 1066 1302; x_wconf 81' lang='lat' dir='ltr'><strong>Nam</strong></span> <span class='ocrx_word' id='word_1_68' title='bbox 1095 1248 1162 1303; x_wconf 87' lang='lat' dir='ltr'><strong>et</strong></span> <span class='ocrx_word' id='word_1_69' title='bbox 1190 1240 1270 1303; x_wconf 90' lang='lat' dir='ltr'><strong>de</strong></span> <span class='ocrx_word' id='word_1_70' title='bbox 1301 1262 1430 1325; x_wconf 89' lang='lat' dir='ltr'><strong>quo</strong></span> <span class='ocrx_word' id='word_1_71' title='bbox 1461 1240 1703 1305; x_wconf 86' lang='lat' dir='ltr'><strong>dictum</strong></span> <span class='ocrx_word' id='word_1_72' title='bbox 1748 1248 1846 1305; x_wconf 85' lang='lat' dir='ltr'><strong>est</strong></span> <span class='ocrx_word' id='word_1_73' title='bbox 1874 1240 2133 1305; x_wconf 85' lang='lat' dir='ltr'><strong>vecordi</strong></span> <span class='ocrx_word' id='word_1_74' title='bbox 2163 1247 2229 1303; x_wconf 88' lang='lat' dir='ltr'><strong>et</strong></span> <span class='ocrx_word' id='word_1_75' title='bbox 2252 1240 2447 1303; x_wconf 87' lang='lat' dir='ltr'><strong>nimis</strong></span> 
     </span>
     <span class='ocr_line' id='line_1_10' title="bbox 231 1339 2447 1425; baseline 0 -22"><span class='ocrx_word' id='word_1_76' title='bbox 231 1339 482 1403; x_wconf 84' lang='lat' dir='ltr'><strong>crudeli</strong></span> <span class='ocrx_word' id='word_1_77' title='bbox 524 1340 806 1419; x_wconf 88' lang='lat' dir='ltr'><strong>homine,</strong></span> <span class='ocrx_word' id='word_1_78' title='bbox 852 1341 1028 1425; x_wconf 89' lang='lat' dir='ltr'><strong>quod</strong></span> <span class='ocrx_word' id='word_1_79' title='bbox 1073 1341 1346 1421; x_wconf 85' lang='lat' dir='ltr'><strong>gratuito</strong></span> <span class='ocrx_word' id='word_1_80' title='bbox 1401 1342 1620 1424; x_wconf 88' lang='lat' dir='ltr'><strong>potius</strong></span> <span class='ocrx_word' id='word_1_81' title='bbox 1662 1343 1871 1405; x_wconf 85' lang='lat' dir='ltr'><strong>malus</strong></span> <span class='ocrx_word' id='word_1_82' title='bbox 1927 1348 2123 1425; x_wconf 89' lang='lat' dir='ltr'><strong>atque</strong></span> <span class='ocrx_word' id='word_1_83' title='bbox 2170 1341 2447 1405; x_wconf 87' lang='lat' dir='ltr'><strong>crudelis</strong></span> 
     </span>
     <span class='ocr_line' id='line_1_11' title="bbox 229 1442 2447 1527; baseline 0 -23"><span class='ocrx_word' id='word_1_84' title='bbox 229 1450 392 1520; x_wconf 87' lang='lat' dir='ltr'><strong>erat,</strong></span> <span class='ocrx_word' id='word_1_85' title='bbox 420 1442 732 1524; x_wconf 84' lang='lat' dir='ltr'><strong>praedicta</strong></span> <span class='ocrx_word' id='word_1_86' title='bbox 771 1449 869 1507; x_wconf 88' lang='lat' dir='ltr'><strong>est</strong></span> <span class='ocrx_word' id='word_1_87' title='bbox 907 1451 1126 1505; x_wconf 81' lang='lat' dir='ltr'><strong>tamen</strong></span> <span class='ocrx_word' id='word_1_88' title='bbox 1161 1462 1390 1506; x_wconf 82' lang='lat' dir='ltr'><strong>causa:</strong></span> <span class='ocrx_word' id='word_1_89' title='bbox 1438 1443 1478 1475; x_wconf 92' lang='lat'><strong>“</strong></span> <span class='ocrx_word' id='word_1_90' title='bbox 1512 1444 1617 1507; x_wconf 90' lang='lat' dir='ltr'><strong>Ne</strong></span> <span class='ocrx_word' id='word_1_91' title='bbox 1654 1463 1769 1525; x_wconf 86' lang='lat' dir='ltr'><strong>per</strong></span> <span class='ocrx_word' id='word_1_92' title='bbox 1805 1443 2029 1521; x_wconf 83' lang='lat' dir='ltr'><strong>otium,</strong></span> <span class='ocrx_word' id='word_1_93' title='bbox 2058 1442 2291 1527; x_wconf 89' lang='lat' dir='ltr'><strong>inquit,</strong></span> <span class='ocrx_word' id='word_1_94' title='bbox 2318 1450 2447 1505; x_wconf 89' lang='lat' dir='ltr'><strong>tor·</strong></span> 
     </span>
     <span class='ocr_line' id='line_1_12' title="bbox 231 1541 2441 1628; baseline -0 -22"><span class='ocrx_word' id='word_1_95' title='bbox 231 1541 275 1575; x_wconf 90' lang='lat'><strong>“</strong></span> <span class='ocrx_word' id='word_1_96' title='bbox 305 1550 603 1625; x_wconf 87' lang='lat' dir='ltr'><strong>pesceret</strong></span> <span class='ocrx_word' id='word_1_97' title='bbox 626 1562 856 1606; x_wconf 85' lang='lat' dir='ltr'><strong>manus</strong></span> <span class='ocrx_word' id='word_1_98' title='bbox 895 1550 1007 1606; x_wconf 89' lang='lat' dir='ltr'><strong>aut</strong></span> <span class='ocrx_word' id='word_1_99' title='bbox 1033 1543 1375 1605; x_wconf 68' lang='grc' dir='ltr'><strong>αῃὶιιιιιε·“.”</strong></span> <span class='ocrx_word' id='word_1_100' title='bbox 1463 1544 1675 1616; x_wconf 83' lang='lat' dir='ltr'><strong>Quare</strong></span> <span class='ocrx_word' id='word_1_101' title='bbox 1703 1543 1775 1606; x_wconf 90' lang='lat' dir='ltr'><strong>id</strong></span> <span class='ocrx_word' id='word_1_102' title='bbox 1805 1542 2113 1628; x_wconf 88' lang='lat' dir='ltr'><strong>quoque?</strong></span> <span class='ocrx_word' id='word_1_103' title='bbox 2162 1564 2276 1607; x_wconf 90' lang='lat' dir='ltr'><strong>cur</strong></span> <span class='ocrx_word' id='word_1_104' title='bbox 2302 1544 2395 1605; x_wconf 85' lang='lat' dir='ltr'><strong>ita</strong></span> <span class='ocrx_word' id='word_1_105' title='bbox 2418 1541 2441 1606; x_wconf 79' lang='lat' dir='ltr'><strong>i·</strong></span> 
     </span>
     <span class='ocr_line' id='line_1_13' title="bbox 236 1643 2447 1727; baseline 0 -21"><span class='ocrx_word' id='word_1_106' title='bbox 236 1645 334 1706; x_wconf 86' lang='lat' dir='ltr'><strong>Ut</strong></span> <span class='ocrx_word' id='word_1_107' title='bbox 377 1643 625 1707; x_wconf 85' lang='lat' dir='ltr'><strong>scilicet</strong></span> <span class='ocrx_word' id='word_1_108' title='bbox 663 1644 778 1707; x_wconf 80' lang='lat' dir='ltr'><strong>illa</strong></span> <span class='ocrx_word' id='word_1_109' title='bbox 819 1644 1278 1707; x_wconf 79' lang='lat' dir='ltr'><strong>exercitatione</strong></span> <span class='ocrx_word' id='word_1_110' title='bbox 1323 1646 1654 1722; x_wconf 87' lang='lat' dir='ltr'><strong>scelerum,</strong></span> <span class='ocrx_word' id='word_1_111' title='bbox 1698 1652 1891 1727; x_wconf 84' lang='lat' dir='ltr'><strong>capta</strong></span> <span class='ocrx_word' id='word_1_112' title='bbox 1930 1646 2109 1721; x_wconf 87' lang='lat' dir='ltr'><strong>urbe,</strong></span> <span class='ocrx_word' id='word_1_113' title='bbox 2151 1645 2447 1723; x_wconf 82' lang='lat' dir='ltr'><strong>honores,</strong></span> 
     </span>
     <span class='ocr_line' id='line_1_14' title="bbox 231 1744 2445 1829; baseline 0 -23"><span class='ocrx_word' id='word_1_114' title='bbox 231 1746 526 1828; x_wconf 86' lang='lat' dir='ltr'><strong>imperia,</strong></span> <span class='ocrx_word' id='word_1_115' title='bbox 558 1745 814 1811; x_wconf 85' lang='lat' dir='ltr'><strong>divitias</strong></span> <span class='ocrx_word' id='word_1_116' title='bbox 855 1754 1316 1829; x_wconf 78' lang='lat' dir='ltr'><strong>assequeretur,</strong></span> <span class='ocrx_word' id='word_1_117' title='bbox 1345 1755 1413 1811; x_wconf 88' lang='lat' dir='ltr'><strong>et</strong></span> <span class='ocrx_word' id='word_1_118' title='bbox 1438 1754 1681 1811; x_wconf 78' lang='lat' dir='ltr'><strong>careret</strong></span> <span class='ocrx_word' id='word_1_119' title='bbox 1708 1754 1882 1810; x_wconf 86' lang='lat' dir='ltr'><strong>metu</strong></span> <span class='ocrx_word' id='word_1_120' title='bbox 1922 1748 2161 1827; x_wconf 85' lang='lat' dir='ltr'><strong>legum,</strong></span> <span class='ocrx_word' id='word_1_121' title='bbox 2188 1752 2254 1808; x_wconf 87' lang='lat' dir='ltr'><strong>et</strong></span> <span class='ocrx_word' id='word_1_122' title='bbox 2280 1744 2445 1807; x_wconf 88' lang='lat' dir='ltr'><strong>diffi-</strong></span> 
     </span>
     <span class='ocr_line' id='line_1_15' title="bbox 232 1846 2447 1931; baseline 0 -22"><span class='ocrx_word' id='word_1_123' title='bbox 232 1847 474 1909; x_wconf 87' lang='lat' dir='ltr'><strong>cultate</strong></span> <span class='ocrx_word' id='word_1_124' title='bbox 514 1868 743 1925; x_wconf 88' lang='lat' dir='ltr'><strong>rerum,</strong></span> <span class='ocrx_word' id='word_1_125' title='bbox 773 1854 1029 1931; x_wconf 87' lang='lat' dir='ltr'><strong>propter</strong></span> <span class='ocrx_word' id='word_1_126' title='bbox 1068 1848 1356 1931; x_wconf 84' lang='lat' dir='ltr'><strong>inopiam</strong></span> <span class='ocrx_word' id='word_1_127' title='bbox 1383 1849 1476 1911; x_wconf 88' lang='lat' dir='ltr'><strong>rei</strong></span> <span class='ocrx_word' id='word_1_128' title='bbox 1505 1848 1856 1925; x_wconf 52' lang='lat' dir='ltr'><strong>familiam,</strong></span> <span class='ocrx_word' id='word_1_129' title='bbox 1886 1855 1951 1913; x_wconf 90' lang='lat' dir='ltr'><strong>et</strong></span> <span class='ocrx_word' id='word_1_130' title='bbox 1988 1846 2447 1911; x_wconf 84' lang='lat' dir='ltr'><strong>conscientiam</strong></span> 
     </span>
     <span class='ocr_line' id='line_1_16' title="bbox 233 1945 2447 2031; baseline -0.001 -21"><span class='ocrx_word' id='word_1_131' title='bbox 233 1948 568 2011; x_wconf 85' lang='lat' dir='ltr'><strong>scelerum.</strong></span> <span class='ocrx_word' id='word_1_132' title='bbox 657 1950 800 2013; x_wconf 91' lang='lat' dir='ltr'><strong>Nec</strong></span> <span class='ocrx_word' id='word_1_133' title='bbox 841 1949 986 2031; x_wconf 89' lang='lat' dir='ltr'><strong>ipse</strong></span> <span class='ocrx_word' id='word_1_134' title='bbox 1017 1948 1214 2029; x_wconf 85' lang='lat' dir='ltr'><strong>igitur</strong></span> <span class='ocrx_word' id='word_1_135' title='bbox 1243 1949 1523 2013; x_wconf 79' lang='lat' dir='ltr'><strong>Catilina</strong></span> <span class='ocrx_word' id='word_1_136' title='bbox 1553 1949 1792 2013; x_wconf 87' lang='lat' dir='ltr'><strong>amavit</strong></span> <span class='ocrx_word' id='word_1_137' title='bbox 1818 1949 2103 2013; x_wconf 76' lang='lat' dir='ltr'><strong>facinora</strong></span> <span class='ocrx_word' id='word_1_138' title='bbox 2131 1966 2287 2023; x_wconf 82' lang='lat' dir='ltr'><strong>sua3</strong></span> <span class='ocrx_word' id='word_1_139' title='bbox 2332 1945 2447 2009; x_wconf 88' lang='lat' dir='ltr'><strong>sed</strong></span> 
     </span>
     <span class='ocr_line' id='line_1_17' title="bbox 231 2046 1577 2135; baseline 0.001 -25"><span class='ocrx_word' id='word_1_140' title='bbox 231 2047 462 2132; x_wconf 87' lang='lat' dir='ltr'><strong>utique</strong></span> <span class='ocrx_word' id='word_1_141' title='bbox 494 2046 670 2112; x_wconf 84' lang='lat' dir='ltr'><strong>aliud</strong></span> <span class='ocrx_word' id='word_1_142' title='bbox 699 2049 886 2135; x_wconf 89' lang='lat' dir='ltr'><strong>cujus</strong></span> <span class='ocrx_word' id='word_1_143' title='bbox 917 2070 1116 2113; x_wconf 85' lang='lat' dir='ltr'><strong>causa</strong></span> <span class='ocrx_word' id='word_1_144' title='bbox 1139 2049 1256 2113; x_wconf 82' lang='lat' dir='ltr'><strong>illa</strong></span> <span class='ocrx_word' id='word_1_145' title='bbox 1281 2049 1577 2113; x_wconf 82' lang='lat' dir='ltr'><strong>faciebat.</strong></span> 
     </span>
    </p>

    <p class='ocr_par' dir='ltr' id='par_1_3' title="bbox 219 2148 2689 4041">
     <span class='ocr_line' id='line_1_18' title="bbox 325 2148 2622 2232; baseline -0.002 -22"><span class='ocrx_word' id='word_1_146' title='bbox 325 2153 424 2212; x_wconf 78' lang='lat'><strong>12.</strong></span> <span class='ocrx_word' id='word_1_147' title='bbox 474 2150 648 2223; x_wconf 86' lang='lat' dir='ltr'><strong>Quid</strong></span> <span class='ocrx_word' id='word_1_148' title='bbox 689 2148 852 2232; x_wconf 72' lang='lat' dir='ltr'><strong>ego*</strong></span> <span class='ocrx_word' id='word_1_149' title='bbox 886 2150 1078 2213; x_wconf 89' lang='lat' dir='ltr'><strong>miser</strong></span> <span class='ocrx_word' id='word_1_150' title='bbox 1102 2149 1173 2212; x_wconf 92' lang='lat' dir='ltr'><strong>in</strong></span> <span class='ocrx_word' id='word_1_151' title='bbox 1201 2158 1266 2213; x_wconf 83' lang='lat' dir='ltr'><strong>te</strong></span> <span class='ocrx_word' id='word_1_152' title='bbox 1295 2151 1525 2227; x_wconf 83' lang='lat' dir='ltr'><strong>amavi,</strong></span> <span class='ocrx_word' id='word_1_153' title='bbox 1554 2172 1593 2212; x_wconf 92' lang='grc' dir='ltr'>ο</span> <span class='ocrx_word' id='word_1_154' title='bbox 1620 2148 1865 2213; x_wconf 83' lang='lat' dir='ltr'><strong>furtum·</strong></span> <span class='ocrx_word' id='word_1_155' title='bbox 1886 2171 2120 2226; x_wconf 88' lang='lat' dir='ltr'><strong>meum,</strong></span> <span class='ocrx_word' id='word_1_156' title='bbox 2143 2148 2449 2213; x_wconf 85' lang='lat' dir='ltr'><strong>ofacinus</strong></span> <span class='ocrx_word' id='word_1_157' title='bbox 2528 2157 2622 2229; x_wconf 53' lang='lat' dir='ltr'><strong>vl„</strong></span> 
     </span>
     <span class='ocr_line' id='line_1_19' title="bbox 230 2222 2639 2348; baseline -0.001 -33"><span class='ocrx_word' id='word_1_158' title='bbox 230 2251 395 2315; x_wconf 86' lang='lat' dir='ltr'><strong>illud</strong></span> <span class='ocrx_word' id='word_1_159' title='bbox 437 2274 652 2317; x_wconf 88' lang='lat' dir='ltr'><strong>meum</strong></span> <span class='ocrx_word' id='word_1_160' title='bbox 693 2262 1077 2318; x_wconf 88' lang='lat' dir='ltr'><strong>nocturnum</strong></span> <span class='ocrx_word' id='word_1_161' title='bbox 1121 2254 1292 2318; x_wconf 84' lang='lat' dir='ltr'><strong>sexti</strong></span> <span class='ocrx_word' id='word_1_162' title='bbox 1326 2253 1561 2318; x_wconf 88' lang='lat' dir='ltr'><strong>decimi</strong></span> <span class='ocrx_word' id='word_1_163' title='bbox 1590 2255 1743 2317; x_wconf 81' lang='lat' dir='ltr'><strong>anni</strong></span> <span class='ocrx_word' id='word_1_164' title='bbox 1774 2254 1981 2317; x_wconf 82' lang='lat' dir='ltr'><strong>aetatis</strong></span> <span class='ocrx_word' id='word_1_165' title='bbox 2008 2274 2167 2315; x_wconf 82' lang='lat' dir='ltr'><strong>meae</strong></span> <span class='ocrx_word' id='word_1_166' title='bbox 2192 2251 2215 2315; x_wconf 74' lang='grc' dir='ltr'>Ρ</span> <span class='ocrx_word' id='word_1_167' title='bbox 2294 2253 2449 2314; x_wconf 88' lang='lat' dir='ltr'><strong>Non</strong></span> <span class='ocrx_word' id='word_1_168' title='bbox 2464 2222 2639 2348; x_wconf 48' lang='lat'><strong>&lt;1⁰3⁸</strong></span> 
     </span>
     <span class='ocr_line' id='line_1_20' title="bbox 231 2348 2589 2437; baseline -0.002 -20"><span class='ocrx_word' id='word_1_169' title='bbox 231 2354 408 2417; x_wconf 87' lang='lat' dir='ltr'><strong>enim</strong></span> <span class='ocrx_word' id='word_1_170' title='bbox 451 2356 792 2437; x_wconf 89' lang='lat' dir='ltr'><strong>pulchrum</strong></span> <span class='ocrx_word' id='word_1_171' title='bbox 837 2376 997 2432; x_wconf 79' lang='lat' dir='ltr'><strong>eraS,</strong></span> <span class='ocrx_word' id='word_1_172' title='bbox 1027 2377 1176 2419; x_wconf 90' lang='lat' dir='ltr'><strong>cum</strong></span> <span class='ocrx_word' id='word_1_173' title='bbox 1204 2354 1441 2417; x_wconf 85' lang='lat' dir='ltr'><strong>furtum</strong></span> <span class='ocrx_word' id='word_1_174' title='bbox 1487 2376 1703 2431; x_wconf 86' lang='lat' dir='ltr'><strong>esses3</strong></span> <span class='ocrx_word' id='word_1_175' title='bbox 1750 2361 1863 2417; x_wconf 82' lang='lat' dir='ltr'><strong>aut</strong></span> <span class='ocrx_word' id='word_1_176' title='bbox 1894 2373 2043 2416; x_wconf 88' lang='lat' dir='ltr'><strong>vero</strong></span> <span class='ocrx_word' id='word_1_177' title='bbox 2080 2351 2328 2436; x_wconf 82' lang='lat' dir='ltr'><strong>aliquid</strong></span> <span class='ocrx_word' id='word_1_178' title='bbox 2357 2372 2447 2429; x_wconf 72' lang='lat' dir='ltr'><strong>eS,</strong></span> <span class='ocrx_word' id='word_1_179' title='bbox 2463 2348 2589 2425; x_wconf 43' lang='lat' dir='ltr'><strong>boni·</strong></span> 
     </span>
     <span class='ocr_line' id='line_1_21' title="bbox 229 2427 2664 2553; baseline 0 -36"><span class='ocrx_word' id='word_1_180' title='bbox 229 2462 304 2518; x_wconf 88' lang='lat' dir='ltr'><strong>ut</strong></span> <span class='ocrx_word' id='word_1_181' title='bbox 331 2456 564 2539; x_wconf 87' lang='lat' dir='ltr'><strong>loquar</strong></span> <span class='ocrx_word' id='word_1_182' title='bbox 593 2456 676 2520; x_wconf 86' lang='lat' dir='ltr'><strong>ad</strong></span> <span class='ocrx_word' id='word_1_183' title='bbox 703 2456 814 2520; x_wconf 85' lang='lat' dir='ltr'><strong>te?</strong></span> <span class='ocrx_word' id='word_1_184' title='bbox 889 2456 1170 2521; x_wconf 86' lang='lat' dir='ltr'><strong>Pulchra</strong></span> <span class='ocrx_word' id='word_1_185' title='bbox 1213 2464 1392 2520; x_wconf 87' lang='lat' dir='ltr'><strong>erant</strong></span> <span class='ocrx_word' id='word_1_186' title='bbox 1433 2476 1629 2538; x_wconf 88' lang='lat' dir='ltr'><strong>poma</strong></span> <span class='ocrx_word' id='word_1_187' title='bbox 1664 2456 1779 2519; x_wconf 88' lang='lat' dir='ltr'><strong>illa</strong></span> <span class='ocrx_word' id='word_1_188' title='bbox 1807 2476 1952 2539; x_wconf 81' lang='lat' dir='ltr'><strong>quae</strong></span> <span class='ocrx_word' id='word_1_189' title='bbox 1988 2454 2177 2519; x_wconf 79' lang='lat' dir='ltr'><strong>fiuati</strong></span> <span class='ocrx_word' id='word_1_190' title='bbox 2207 2427 2664 2553; x_wconf 52' lang='lat' dir='ltr'><strong>sumuS,;¹&lt;’1⁶{ff;2</strong></span> 
     </span>
     <span class='ocr_line' id='line_1_22' title="bbox 231 2550 2687 2656; baseline -0.001 -38"><span class='ocrx_word' id='word_1_191' title='bbox 231 2557 543 2640; x_wconf 84' lang='lat' dir='ltr'><strong>quoniam</strong></span> <span class='ocrx_word' id='word_1_192' title='bbox 601 2564 890 2622; x_wconf 83' lang='lat' dir='ltr'><strong>creatura</strong></span> <span class='ocrx_word' id='word_1_193' title='bbox 945 2564 1060 2621; x_wconf 86' lang='lat' dir='ltr'><strong>tua</strong></span> <span class='ocrx_word' id='word_1_194' title='bbox 1114 2554 1311 2635; x_wconf 64' lang='grc' dir='ltr'><strong>(παῖ’,</strong></span> <span class='ocrx_word' id='word_1_195' title='bbox 1362 2557 1787 2640; x_wconf 87' lang='lat' dir='ltr'><strong>pulcherrime</strong></span> <span class='ocrx_word' id='word_1_196' title='bbox 1848 2556 2155 2630; x_wconf 88' lang='lat' dir='ltr'><strong>omnium,</strong></span> <span class='ocrx_word' id='word_1_197' title='bbox 2206 2561 2451 2618; x_wconf 81' lang='lat' dir='ltr'><strong>creator</strong></span> <span class='ocrx_word' id='word_1_198' title='bbox 2463 2550 2687 2656; x_wconf 47' lang='lat' dir='ltr'><strong>2:¹¹3?ss</strong></span> 
     </span>
     <span class='ocr_line' id='line_1_23' title="bbox 228 2660 2576 2740; baseline -0.002 -18"><span class='ocrx_word' id='word_1_199' title='bbox 228 2661 542 2740; x_wconf 89' lang='lat' dir='ltr'><strong>omnium,</strong></span> <span class='ocrx_word' id='word_1_200' title='bbox 571 2660 756 2725; x_wconf 90' lang='lat' dir='ltr'><strong>Deus</strong></span> <span class='ocrx_word' id='word_1_201' title='bbox 781 2663 972 2739; x_wconf 88' lang='lat' dir='ltr'><strong>bone,</strong></span> <span class='ocrx_word' id='word_1_202' title='bbox 1003 2662 1184 2724; x_wconf 88' lang='lat' dir='ltr'><strong>Deus</strong></span> <span class='ocrx_word' id='word_1_203' title='bbox 1215 2680 1533 2723; x_wconf 88' lang='lat' dir='ltr'><strong>summum</strong></span> <span class='ocrx_word' id='word_1_204' title='bbox 1571 2661 1836 2736; x_wconf 91' lang='lat' dir='ltr'><strong>bonum,</strong></span> <span class='ocrx_word' id='word_1_205' title='bbox 1868 2666 1934 2723; x_wconf 92' lang='lat' dir='ltr'><strong>et</strong></span> <span class='ocrx_word' id='word_1_206' title='bbox 1959 2661 2203 2722; x_wconf 91' lang='lat' dir='ltr'><strong>bonum</strong></span> <span class='ocrx_word' id='word_1_207' title='bbox 2230 2678 2449 2719; x_wconf 81' lang='lat' dir='ltr'><strong>verum</strong></span> <span class='ocrx_word' id='word_1_208' title='bbox 2466 2671 2576 2719; x_wconf 83' lang='lat' dir='ltr'><strong>Deo</strong></span> 
     </span>
     <span class='ocr_line' id='line_1_24' title="bbox 229 2749 2646 2849; baseline -0.001 -27"><span class='ocrx_word' id='word_1_209' title='bbox 229 2781 486 2824; x_wconf 87' lang='lat' dir='ltr'><strong>meum:</strong></span> <span class='ocrx_word' id='word_1_210' title='bbox 561 2763 832 2845; x_wconf 86' lang='lat' dir='ltr'><strong>pulchra</strong></span> <span class='ocrx_word' id='word_1_211' title='bbox 872 2769 1056 2825; x_wconf 88' lang='lat' dir='ltr'><strong>erant</strong></span> <span class='ocrx_word' id='word_1_212' title='bbox 1097 2762 1212 2825; x_wconf 84' lang='lat' dir='ltr'><strong>illa</strong></span> <span class='ocrx_word' id='word_1_213' title='bbox 1253 2782 1488 2843; x_wconf 82' lang='lat' dir='ltr'><strong>poma3</strong></span> <span class='ocrx_word' id='word_1_214' title='bbox 1557 2759 1673 2825; x_wconf 88' lang='lat' dir='ltr'><strong>sed</strong></span> <span class='ocrx_word' id='word_1_215' title='bbox 1714 2782 1846 2823; x_wconf 92' lang='lat' dir='ltr'><strong>non</strong></span> <span class='ocrx_word' id='word_1_216' title='bbox 1886 2761 2036 2844; x_wconf 85' lang='lat' dir='ltr'><strong>ipsa</strong></span> <span class='ocrx_word' id='word_1_217' title='bbox 2078 2749 2576 2849; x_wconf 50' lang='lat' dir='ltr'><strong>concupivitffr}</strong></span> <span class='ocrx_word' id='word_1_218' title='bbox 2597 2807 2646 2848; x_wconf 80' lang='lat' dir='ltr'><strong>et</strong></span> 
     </span>
     <span class='ocr_line' id='line_1_25' title="bbox 229 2857 2689 2942; baseline -0.002 -16"><span class='ocrx_word' id='word_1_219' title='bbox 229 2863 448 2926; x_wconf 86' lang='lat' dir='ltr'><strong>anima</strong></span> <span class='ocrx_word' id='word_1_220' title='bbox 503 2884 650 2926; x_wconf 86' lang='lat' dir='ltr'><strong>mea</strong></span> <span class='ocrx_word' id='word_1_221' title='bbox 704 2864 1104 2927; x_wconf 85' lang='lat' dir='ltr'><strong>miserabilis.</strong></span> <span class='ocrx_word' id='word_1_222' title='bbox 1194 2864 1354 2927; x_wconf 86' lang='lat' dir='ltr'><strong>Erat</strong></span> <span class='ocrx_word' id='word_1_223' title='bbox 1412 2862 1586 2925; x_wconf 89' lang='lat' dir='ltr'><strong>enim</strong></span> <span class='ocrx_word' id='word_1_224' title='bbox 1634 2862 1795 2925; x_wconf 87' lang='lat' dir='ltr'><strong>mihi</strong></span> <span class='ocrx_word' id='word_1_225' title='bbox 1838 2861 2171 2924; x_wconf 86' lang='lat' dir='ltr'><strong>meliorum</strong></span> <span class='ocrx_word' id='word_1_226' title='bbox 2215 2857 2407 2942; x_wconf 87' lang='lat' dir='ltr'><strong>copia</strong></span> <span class='ocrx_word' id='word_1_227' title='bbox 2427 2882 2445 2935; x_wconf 86' lang='lat'><em>3</em></span> <span class='ocrx_word' id='word_1_228' title='bbox 2464 2864 2689 2929; x_wconf 73' lang='lat' dir='ltr'><strong>perfecta.</strong></span> 
     </span>
     <span class='ocr_line' id='line_1_26' title="bbox 228 2960 2445 3049; baseline -0.003 -22"><span class='ocrx_word' id='word_1_229' title='bbox 228 2964 343 3028; x_wconf 87' lang='lat' dir='ltr'><strong>illa</strong></span> <span class='ocrx_word' id='word_1_230' title='bbox 385 2971 603 3027; x_wconf 88' lang='lat' dir='ltr'><strong>autem</strong></span> <span class='ocrx_word' id='word_1_231' title='bbox 647 2964 938 3049; x_wconf 88' lang='lat' dir='ltr'><strong>decerpsi</strong></span> <span class='ocrx_word' id='word_1_232' title='bbox 981 2972 1230 3028; x_wconf 90' lang='lat' dir='ltr'><strong>tantum</strong></span> <span class='ocrx_word' id='word_1_233' title='bbox 1273 2972 1346 3027; x_wconf 92' lang='lat' dir='ltr'><strong>ut</strong></span> <span class='ocrx_word' id='word_1_234' title='bbox 1386 2963 1644 3027; x_wconf 86' lang='lat' dir='ltr'><strong>furarer.</strong></span> <span class='ocrx_word' id='word_1_235' title='bbox 1740 2964 1912 3025; x_wconf 86' lang='lat' dir='ltr'><strong>Nam</strong></span> <span class='ocrx_word' id='word_1_236' title='bbox 1956 2960 2259 3043; x_wconf 86' lang='lat' dir='ltr'><strong>decerpta</strong></span> <span class='ocrx_word' id='word_1_237' title='bbox 2299 2980 2445 3042; x_wconf 87' lang='lat' dir='ltr'><strong>pro-</strong></span> 
     </span>
     <span class='ocr_line' id='line_1_27' title="bbox 219 3057 2441 3150; baseline -0.002 -23"><span class='ocrx_word' id='word_1_238' title='bbox 219 3064 374 3150; x_wconf 87' lang='lat' dir='ltr'><strong>jeci,</strong></span> <span class='ocrx_word' id='word_1_239' title='bbox 421 3066 719 3147; x_wconf 83' lang='lat' dir='ltr'><strong>epulatus</strong></span> <span class='ocrx_word' id='word_1_240' title='bbox 763 3066 914 3130; x_wconf 90' lang='lat' dir='ltr'><strong>inde</strong></span> <span class='ocrx_word' id='word_1_241' title='bbox 959 3067 1160 3129; x_wconf 85' lang='lat' dir='ltr'><strong>solam</strong></span> <span class='ocrx_word' id='word_1_242' title='bbox 1197 3065 1604 3150; x_wconf 88' lang='lat' dir='ltr'><strong>iniquitatem</strong></span> <span class='ocrx_word' id='word_1_243' title='bbox 1619 3061 1671 3140; x_wconf 67' lang='lat'><strong>³,</strong></span> <span class='ocrx_word' id='word_1_244' title='bbox 1704 3084 1832 3147; x_wconf 88' lang='lat' dir='ltr'><strong>qua</strong></span> <span class='ocrx_word' id='word_1_245' title='bbox 1863 3062 2129 3125; x_wconf 80' lang='lat' dir='ltr'><strong>laetabar</strong></span> <span class='ocrx_word' id='word_1_246' title='bbox 2166 3057 2441 3123; x_wconf 73' lang='lat' dir='ltr'><strong>fruens&#39;.</strong></span> 
     </span>
     <span class='ocr_line' id='line_1_28' title="bbox 229 3159 2444 3252; baseline -0.004 -22"><span class='ocrx_word' id='word_1_247' title='bbox 229 3169 406 3230; x_wconf 88' lang='lat' dir='ltr'><strong>Nam</strong></span> <span class='ocrx_word' id='word_1_248' title='bbox 435 3173 504 3229; x_wconf 90' lang='lat' dir='ltr'><strong>et</strong></span> <span class='ocrx_word' id='word_1_249' title='bbox 532 3166 588 3229; x_wconf 90' lang='lat' dir='ltr'><strong>si</strong></span> <span class='ocrx_word' id='word_1_250' title='bbox 616 3167 774 3251; x_wconf 83' lang='lat' dir='ltr'><strong>quid</strong></span> <span class='ocrx_word' id='word_1_251' title='bbox 814 3169 1070 3231; x_wconf 86' lang='lat' dir='ltr'><strong>illorum</strong></span> <span class='ocrx_word' id='word_1_252' title='bbox 1105 3187 1442 3252; x_wconf 90' lang='lat' dir='ltr'><strong>pomorum</strong></span> <span class='ocrx_word' id='word_1_253' title='bbox 1469 3164 1733 3229; x_wconf 87' lang='lat' dir='ltr'><strong>intravit</strong></span> <span class='ocrx_word' id='word_1_254' title='bbox 1758 3165 1827 3227; x_wconf 88' lang='lat' dir='ltr'><strong>in</strong></span> <span class='ocrx_word' id='word_1_255' title='bbox 1858 3184 1931 3225; x_wconf 84' lang='lat' dir='ltr'><strong>os</strong></span> <span class='ocrx_word' id='word_1_256' title='bbox 1958 3182 2193 3237; x_wconf 90' lang='lat' dir='ltr'><strong>meum,</strong></span> <span class='ocrx_word' id='word_1_257' title='bbox 2224 3159 2444 3224; x_wconf 85' lang='lat' dir='ltr'><strong>condi-</strong></span> 
     </span>
     <span class='ocr_line' id='line_1_29' title="bbox 227 3263 2445 3345; baseline -0.003 -15"><span class='ocrx_word' id='word_1_258' title='bbox 227 3275 519 3331; x_wconf 85' lang='lat' dir='ltr'><strong>mentum</strong></span> <span class='ocrx_word' id='word_1_259' title='bbox 574 3266 710 3331; x_wconf 82' lang='lat' dir='ltr'><strong>ibi·</strong></span> <span class='ocrx_word' id='word_1_260' title='bbox 751 3269 1002 3333; x_wconf 86' lang='lat' dir='ltr'><strong>facinus</strong></span> <span class='ocrx_word' id='word_1_261' title='bbox 1054 3278 1205 3333; x_wconf 80' lang='lat' dir='ltr'><strong>erat.</strong></span> <span class='ocrx_word' id='word_1_262' title='bbox 1304 3270 1396 3331; x_wconf 90' lang='lat' dir='ltr'><strong>Et</strong></span> <span class='ocrx_word' id='word_1_263' title='bbox 1447 3288 1645 3345; x_wconf 87' lang='lat' dir='ltr'><strong>nunc,</strong></span> <span class='ocrx_word' id='word_1_264' title='bbox 1692 3264 1973 3328; x_wconf 84' lang='lat' dir='ltr'><strong>Domine</strong></span> <span class='ocrx_word' id='word_1_265' title='bbox 2016 3263 2199 3325; x_wconf 89' lang='lat' dir='ltr'><strong>Deus</strong></span> <span class='ocrx_word' id='word_1_266' title='bbox 2243 3282 2445 3339; x_wconf 88' lang='lat' dir='ltr'><strong>meus,</strong></span> 
     </span>
     <span class='ocr_line' id='line_1_30' title="bbox 232 3364 2441 3455; baseline -0.004 -22"><span class='ocrx_word' id='word_1_267' title='bbox 232 3390 452 3455; x_wconf 82' lang='lat' dir='ltr'><strong>quaero</strong></span> <span class='ocrx_word' id='word_1_268' title='bbox 483 3370 642 3454; x_wconf 90' lang='lat' dir='ltr'><strong>quid</strong></span> <span class='ocrx_word' id='word_1_269' title='bbox 668 3393 772 3435; x_wconf 93' lang='lat' dir='ltr'><strong>me</strong></span> <span class='ocrx_word' id='word_1_270' title='bbox 797 3372 871 3434; x_wconf 90' lang='lat' dir='ltr'><strong>in</strong></span> <span class='ocrx_word' id='word_1_271' title='bbox 896 3371 1064 3434; x_wconf 88' lang='lat' dir='ltr'><strong>furto</strong></span> <span class='ocrx_word' id='word_1_272' title='bbox 1095 3368 1525 3445; x_wconf 82' lang='lat' dir='ltr'><strong>delectaverit,</strong></span> <span class='ocrx_word' id='word_1_273' title='bbox 1556 3376 1621 3431; x_wconf 86' lang='lat' dir='ltr'><strong>et</strong></span> <span class='ocrx_word' id='word_1_274' title='bbox 1648 3388 1799 3431; x_wconf 89' lang='lat' dir='ltr'><strong>ecce</strong></span> <span class='ocrx_word' id='word_1_275' title='bbox 1830 3364 2081 3450; x_wconf 87' lang='lat' dir='ltr'><strong>species</strong></span> <span class='ocrx_word' id='word_1_276' title='bbox 2108 3364 2289 3426; x_wconf 89' lang='lat' dir='ltr'><strong>nulla</strong></span> <span class='ocrx_word' id='word_1_277' title='bbox 2314 3371 2441 3425; x_wconf 84' lang='lat' dir='ltr'><strong>est:</strong></span> 
     </span>
     <span class='ocr_line' id='line_1_31' title="bbox 227 3463 2447 3555; baseline -0.004 -22"><span class='ocrx_word' id='word_1_278' title='bbox 227 3492 364 3533; x_wconf 92' lang='lat' dir='ltr'><strong>non</strong></span> <span class='ocrx_word' id='word_1_279' title='bbox 399 3470 548 3533; x_wconf 88' lang='lat' dir='ltr'><strong>dico</strong></span> <span class='ocrx_word' id='word_1_280' title='bbox 587 3471 756 3535; x_wconf 88' lang='lat' dir='ltr'><strong>sicut</strong></span> <span class='ocrx_word' id='word_1_281' title='bbox 778 3471 850 3534; x_wconf 91' lang='lat' dir='ltr'><strong>in</strong></span> <span class='ocrx_word' id='word_1_282' title='bbox 890 3472 1192 3555; x_wconf 79' lang='lat' dir='ltr'><strong>aequitate</strong></span> <span class='ocrx_word' id='word_1_283' title='bbox 1231 3477 1424 3553; x_wconf 85' lang='lat' dir='ltr'><strong>atque</strong></span> <span class='ocrx_word' id='word_1_284' title='bbox 1465 3468 1849 3553; x_wconf 85' lang='lat' dir='ltr'><strong>prudentia3</strong></span> <span class='ocrx_word' id='word_1_285' title='bbox 1896 3465 2011 3529; x_wconf 90' lang='lat' dir='ltr'><strong>sed</strong></span> <span class='ocrx_word' id='word_1_286' title='bbox 2038 3484 2247 3548; x_wconf 88' lang='lat' dir='ltr'><strong>neque</strong></span> <span class='ocrx_word' id='word_1_287' title='bbox 2278 3463 2447 3525; x_wconf 88' lang='lat' dir='ltr'><strong>sicut</strong></span> 
     </span>
     <span class='ocr_line' id='line_1_32' title="bbox 227 3568 2443 3656; baseline -0.005 -21"><span class='ocrx_word' id='word_1_288' title='bbox 227 3574 300 3636; x_wconf 91' lang='lat' dir='ltr'><strong>in</strong></span> <span class='ocrx_word' id='word_1_289' title='bbox 341 3580 558 3640; x_wconf 88' lang='lat' dir='ltr'><strong>mente</strong></span> <span class='ocrx_word' id='word_1_290' title='bbox 603 3573 886 3635; x_wconf 85' lang='lat' dir='ltr'><strong>hominis</strong></span> <span class='ocrx_word' id='word_1_291' title='bbox 941 3580 1134 3656; x_wconf 83' lang='lat' dir='ltr'><strong>atque</strong></span> <span class='ocrx_word' id='word_1_292' title='bbox 1186 3570 1494 3634; x_wconf 86' lang='lat' dir='ltr'><strong>memoria</strong></span> <span class='ocrx_word' id='word_1_293' title='bbox 1536 3578 1602 3633; x_wconf 88' lang='lat' dir='ltr'><strong>et</strong></span> <span class='ocrx_word' id='word_1_294' title='bbox 1644 3568 1939 3631; x_wconf 86' lang='lat' dir='ltr'><strong>sensibus</strong></span> <span class='ocrx_word' id='word_1_295' title='bbox 1994 3579 2058 3628; x_wconf 89' lang='lat' dir='ltr'><strong>et</strong></span> <span class='ocrx_word' id='word_1_296' title='bbox 2110 3570 2443 3645; x_wconf 84' lang='lat' dir='ltr'><strong>vegetante</strong></span> 
     </span>
     <span class='ocr_line' id='line_1_33' title="bbox 229 3665 2447 3758; baseline -0.005 -22"><span class='ocrx_word' id='word_1_297' title='bbox 229 3675 400 3751; x_wconf 80' lang='lat' dir='ltr'><strong>vita3</strong></span> <span class='ocrx_word' id='word_1_298' title='bbox 445 3696 656 3758; x_wconf 88' lang='lat' dir='ltr'><strong>neque</strong></span> <span class='ocrx_word' id='word_1_299' title='bbox 696 3674 864 3739; x_wconf 87' lang='lat' dir='ltr'><strong>sicut</strong></span> <span class='ocrx_word' id='word_1_300' title='bbox 901 3673 1196 3757; x_wconf 84' lang='lat' dir='ltr'><strong>speciosa</strong></span> <span class='ocrx_word' id='word_1_301' title='bbox 1234 3678 1384 3735; x_wconf 85' lang='lat' dir='ltr'><strong>sunt</strong></span> <span class='ocrx_word' id='word_1_302' title='bbox 1423 3670 1635 3735; x_wconf 87' lang='lat' dir='ltr'><strong>sidera</strong></span> <span class='ocrx_word' id='word_1_303' title='bbox 1666 3678 1732 3733; x_wconf 93' lang='lat' dir='ltr'><strong>et</strong></span> <span class='ocrx_word' id='word_1_304' title='bbox 1768 3668 2001 3732; x_wconf 89' lang='lat' dir='ltr'><strong>decora</strong></span> <span class='ocrx_word' id='word_1_305' title='bbox 2025 3667 2189 3729; x_wconf 91' lang='lat' dir='ltr'><strong>locis</strong></span> <span class='ocrx_word' id='word_1_306' title='bbox 2220 3665 2353 3728; x_wconf 89' lang='lat' dir='ltr'><strong>suis</strong></span> <span class='ocrx_word' id='word_1_307' title='bbox 2380 3671 2447 3727; x_wconf 91' lang='lat' dir='ltr'><strong>et</strong></span> 
     </span>
     <span class='ocr_line' id='line_1_34' title="bbox 229 3765 2443 3859; baseline -0.005 -21"><span class='ocrx_word' id='word_1_308' title='bbox 229 3784 396 3839; x_wconf 89' lang='lat' dir='ltr'><strong>terra</strong></span> <span class='ocrx_word' id='word_1_309' title='bbox 439 3784 506 3838; x_wconf 91' lang='lat' dir='ltr'><strong>et</strong></span> <span class='ocrx_word' id='word_1_310' title='bbox 545 3796 720 3839; x_wconf 86' lang='lat' dir='ltr'><strong>mare</strong></span> <span class='ocrx_word' id='word_1_311' title='bbox 771 3776 967 3859; x_wconf 89' lang='lat' dir='ltr'><strong>plena</strong></span> <span class='ocrx_word' id='word_1_312' title='bbox 1006 3773 1264 3849; x_wconf 82' lang='lat' dir='ltr'><strong>fetibus,</strong></span> <span class='ocrx_word' id='word_1_313' title='bbox 1311 3773 1424 3857; x_wconf 90' lang='lat' dir='ltr'><strong>qui</strong></span> <span class='ocrx_word' id='word_1_314' title='bbox 1479 3770 1836 3835; x_wconf 88' lang='lat' dir='ltr'><strong>succedunt</strong></span> <span class='ocrx_word' id='word_1_315' title='bbox 1887 3766 2213 3833; x_wconf 85' lang='lat' dir='ltr'><strong>nascendo</strong></span> <span class='ocrx_word' id='word_1_316' title='bbox 2258 3765 2443 3829; x_wconf 87' lang='lat' dir='ltr'><strong>dece·</strong></span> 
     </span>
     <span class='ocr_line' id='line_1_35' title="bbox 231 3866 2445 3956; baseline -0.005 -18"><span class='ocrx_word' id='word_1_317' title='bbox 231 3876 578 3952; x_wconf 86' lang='lat' dir='ltr'><strong>dentibus;</strong></span> <span class='ocrx_word' id='word_1_318' title='bbox 642 3897 774 3939; x_wconf 92' lang='lat' dir='ltr'><strong>non</strong></span> <span class='ocrx_word' id='word_1_319' title='bbox 821 3877 1046 3939; x_wconf 81' lang='lat' dir='ltr'><strong>saltem</strong></span> <span class='ocrx_word' id='word_1_320' title='bbox 1096 3882 1170 3938; x_wconf 90' lang='lat' dir='ltr'><strong>ut</strong></span> <span class='ocrx_word' id='word_1_321' title='bbox 1218 3882 1316 3936; x_wconf 87' lang='lat' dir='ltr'><strong>est</strong></span> <span class='ocrx_word' id='word_1_322' title='bbox 1367 3873 1663 3956; x_wconf 87' lang='lat' dir='ltr'><strong>quaedam</strong></span> <span class='ocrx_word' id='word_1_323' title='bbox 1713 3870 2030 3935; x_wconf 84' lang='lat' dir='ltr'><strong>defectiva</strong></span> <span class='ocrx_word' id='word_1_324' title='bbox 2080 3866 2331 3949; x_wconf 86' lang='lat' dir='ltr'><strong>species</strong></span> <span class='ocrx_word' id='word_1_325' title='bbox 2381 3873 2445 3927; x_wconf 90' lang='lat' dir='ltr'><strong>et</strong></span> 
     </span>
     <span class='ocr_line' id='line_1_36' title="bbox 229 3975 1202 4041; baseline -0.002 -2"><span class='ocrx_word' id='word_1_326' title='bbox 229 3976 589 4041; x_wconf 88' lang='lat' dir='ltr'><strong>umbratica</strong></span> <span class='ocrx_word' id='word_1_327' title='bbox 613 3976 790 4040; x_wconf 87' lang='lat' dir='ltr'><strong>vitiis</strong></span> <span class='ocrx_word' id='word_1_328' title='bbox 816 3975 1202 4040; x_wconf 83' lang='lat' dir='ltr'><strong>fallentibus.</strong></span> 
     </span>
    </p>

    <p class='ocr_par' dir='ltr' id='par_1_4' title="bbox 230 4065 2443 4366">
     <span class='ocr_line' id='line_1_37' title="bbox 321 4065 2443 4162; baseline -0.006 -21"><span class='ocrx_word' id='word_1_329' title='bbox 321 4083 422 4142; x_wconf 88' lang='grc'><strong>13.</strong></span> <span class='ocrx_word' id='word_1_330' title='bbox 470 4080 644 4141; x_wconf 87' lang='lat' dir='ltr'><strong>Nam</strong></span> <span class='ocrx_word' id='word_1_331' title='bbox 687 4087 752 4143; x_wconf 89' lang='lat' dir='ltr'><strong>et</strong></span> <span class='ocrx_word' id='word_1_332' title='bbox 793 4077 1098 4162; x_wconf 86' lang='lat' dir='ltr'><strong>superbia</strong></span> <span class='ocrx_word' id='word_1_333' title='bbox 1153 4074 1601 4140; x_wconf 87' lang='lat' dir='ltr'><strong>celsitudinem</strong></span> <span class='ocrx_word' id='word_1_334' title='bbox 1656 4073 1971 4147; x_wconf 84' lang='lat' dir='ltr'><strong>imitatur3</strong></span> <span class='ocrx_word' id='word_1_335' title='bbox 2047 4088 2195 4133; x_wconf 90' lang='lat' dir='ltr'><strong>cum</strong></span> <span class='ocrx_word' id='word_1_336' title='bbox 2238 4074 2310 4128; x_wconf 90' lang='lat' dir='ltr'><strong>tu</strong></span> <span class='ocrx_word' id='word_1_337' title='bbox 2354 4065 2443 4129; x_wconf 86' lang='lat' dir='ltr'><strong>sis</strong></span> 
     </span>
     <span class='ocr_line' id='line_1_38' title="bbox 230 4166 2440 4263; baseline -0.007 -19"><span class='ocrx_word' id='word_1_338' title='bbox 230 4200 397 4243; x_wconf 86' lang='lat' dir='ltr'><strong>unus</strong></span> <span class='ocrx_word' id='word_1_339' title='bbox 450 4201 642 4263; x_wconf 90' lang='lat' dir='ltr'><strong>super</strong></span> <span class='ocrx_word' id='word_1_340' title='bbox 691 4180 908 4242; x_wconf 83' lang='lat' dir='ltr'><strong>omnia</strong></span> <span class='ocrx_word' id='word_1_341' title='bbox 958 4180 1140 4241; x_wconf 85' lang='lat' dir='ltr'><strong>Deus</strong></span> <span class='ocrx_word' id='word_1_342' title='bbox 1187 4178 1503 4241; x_wconf 87' lang='lat' dir='ltr'><strong>excelsus.</strong></span> <span class='ocrx_word' id='word_1_343' title='bbox 1620 4175 1714 4236; x_wconf 90' lang='lat' dir='ltr'><strong>Et</strong></span> <span class='ocrx_word' id='word_1_344' title='bbox 1770 4170 2037 4236; x_wconf 86' lang='lat' dir='ltr'><strong>ambitio</strong></span> <span class='ocrx_word' id='word_1_345' title='bbox 2098 4167 2257 4253; x_wconf 90' lang='lat' dir='ltr'><strong>quid</strong></span> <span class='ocrx_word' id='word_1_346' title='bbox 2314 4166 2440 4229; x_wconf 88' lang='lat' dir='ltr'><strong>nisi</strong></span> 
     </span>
     <span class='ocr_line' id='line_1_39' title="bbox 231 4270 2439 4366; baseline -0.007 -21"><span class='ocrx_word' id='word_1_347' title='bbox 231 4280 508 4346; x_wconf 89' lang='lat' dir='ltr'><strong>honores</strong></span> <span class='ocrx_word' id='word_1_348' title='bbox 550 4280 780 4366; x_wconf 86' lang='lat' dir='ltr'><strong>quaerit</strong></span> <span class='ocrx_word' id='word_1_349' title='bbox 807 4286 872 4348; x_wconf 88' lang='lat' dir='ltr'><strong>et</strong></span> <span class='ocrx_word' id='word_1_350' title='bbox 901 4279 1167 4362; x_wconf 87' lang='lat' dir='ltr'><strong>gloriam</strong></span> <span class='ocrx_word' id='word_1_351' title='bbox 1180 4303 1198 4356; x_wconf 92' lang='lat'>;</span> <span class='ocrx_word' id='word_1_352' title='bbox 1245 4301 1392 4342; x_wconf 89' lang='lat' dir='ltr'><strong>cum</strong></span> <span class='ocrx_word' id='word_1_353' title='bbox 1434 4285 1503 4341; x_wconf 92' lang='lat' dir='ltr'><strong>tu</strong></span> <span class='ocrx_word' id='word_1_354' title='bbox 1542 4276 1631 4339; x_wconf 88' lang='lat' dir='ltr'><strong>sis</strong></span> <span class='ocrx_word' id='word_1_355' title='bbox 1666 4296 1797 4358; x_wconf 85' lang='lat' dir='ltr'><strong>prae</strong></span> <span class='ocrx_word' id='word_1_356' title='bbox 1835 4270 2087 4338; x_wconf 88' lang='lat' dir='ltr'><strong>cunctis</strong></span> <span class='ocrx_word' id='word_1_357' title='bbox 2121 4270 2439 4332; x_wconf 84' lang='lat' dir='ltr'><strong>honoran-</strong></span> 
     </span>
    </p>
   </div>
   <div class='ocr_carea' id='block_1_3' title="bbox 234 4374 2443 4587">
    <p class='ocr_par' dir='ltr' id='par_1_5' title="bbox 234 4374 2443 4587">
     <span class='ocr_line' id='line_1_40' title="bbox 234 4374 2443 4464; baseline -0.006 -19"><span class='ocrx_word' id='word_1_358' title='bbox 234 4382 352 4445; x_wconf 89' lang='lat' dir='ltr'><strong>dus</strong></span> <span class='ocrx_word' id='word_1_359' title='bbox 396 4404 567 4447; x_wconf 87' lang='lat' dir='ltr'><strong>unus</strong></span> <span class='ocrx_word' id='word_1_360' title='bbox 611 4391 676 4446; x_wconf 86' lang='lat' dir='ltr'><strong>et</strong></span> <span class='ocrx_word' id='word_1_361' title='bbox 719 4381 1034 4464; x_wconf 86' lang='lat' dir='ltr'><strong>gloriosus</strong></span> <span class='ocrx_word' id='word_1_362' title='bbox 1075 4380 1146 4445; x_wconf 90' lang='lat' dir='ltr'><strong>in</strong></span> <span class='ocrx_word' id='word_1_363' title='bbox 1191 4376 1535 4443; x_wconf 76' lang='lat' dir='ltr'><strong>aeternum?</strong></span> <span class='ocrx_word' id='word_1_364' title='bbox 1625 4376 1716 4439; x_wconf 90' lang='lat' dir='ltr'><strong>Et</strong></span> <span class='ocrx_word' id='word_1_365' title='bbox 1759 4374 2006 4438; x_wconf 87' lang='lat' dir='ltr'><strong>saevitia</strong></span> <span class='ocrx_word' id='word_1_366' title='bbox 2056 4376 2443 4455; x_wconf 87' lang='lat' dir='ltr'><strong>potestatum</strong></span> 
     </span>
     <span class='ocr_line' id='line_1_41' title="bbox 951 4500 1773 4587; baseline -0.007 -33"><span class='ocrx_word' id='word_1_367' title='bbox 951 4506 976 4542; x_wconf 83' lang='lat' dir='ltr'><strong>d</strong></span> <span class='ocrx_word' id='word_1_368' title='bbox 1015 4504 1210 4554; x_wconf 77' lang='lat' dir='ltr'><strong>Sallust.</strong></span> <span class='ocrx_word' id='word_1_369' title='bbox 1229 4504 1290 4553; x_wconf 75' lang='lat' dir='ltr'><strong>de</strong></span> <span class='ocrx_word' id='word_1_370' title='bbox 1307 4502 1432 4553; x_wconf 73' lang='lat' dir='ltr'><strong>Bon.</strong></span> <span class='ocrx_word' id='word_1_371' title='bbox 1453 4500 1655 4551; x_wconf 69' lang='lat' dir='ltr'><strong>Catil-c.</strong></span> <span class='ocrx_word' id='word_1_372' title='bbox 1678 4500 1723 4549; x_wconf 89' lang='lat'><strong>9.</strong></span> <span class='ocrx_word' id='word_1_373' title='bbox 1766 4580 1773 4587; x_wconf 44' lang='lat'><em>,</em></span> 
     </span>
    </p>
   </div>
  </div>
 </body>
</html>
