3042 5059
626 411 751 472 ΜΛ

692 569 919 636 idipsum,
940 569 1059 619 228.
1102 569 1253 636 Apud
1272 583 1383 619 enm
1412 583 1568 618 rerum
1601 583 1702 618 om-

696 639 829 686 nium
850 634 1141 684 instabilium
1164 642 1293 683 stant
1322 647 1504 683 nune
1532 633 1704 682 immu-

696 699 883 756 tabiles.
930 707 979 748 et
1032 698 1332 748 mutabilium
1384 697 1710 746 immutabiles

696 773 891 813 manent
924 763 1141 830 origines,
1160 771 1210 812 et
1238 762 1628 812 irrationabilium
1657 771 1710 811 et

696 827 1025 893 temporalium
1076 827 1369 892 sempiterne
1410 825 1582 875 vivunt
1629 841 1707 874 ra-

696 893 866 948 tiones,
888 895 940 942 5.

636 956 787 1006 Dru·
810 957 1273 1018 incomprehensibilis,
1294 957 1347 1006 2.
1390 953 1523 1012 Quid
1551 954 1612 1004 sit
1631 954 1706 1002 in-

696 1035 867 1069 vocare
890 1021 1070 1077 Deum,
1097 1023 1145 1080 l,
1164 1023 1216 1069 2.

632 1085 739 1134 Dnr
758 1087 1059 1133 miseriordia
1078 1085 1223 1133 etiam
1238 1082 1411 1132 sanctis
1426 1083 1704 1141 necesaria,

694 1151 777 1198 25.
820 1150 957 1198 Deus
976 1157 1049 1198 est
1068 1149 1223 1198 dulcis
1242 1152 1377 1214 pater
1394 1148 1580 1197 donans
1601 1164 1704 1196 mn-

694 1228 827 1270 nera,
858 1213 1039 1262 dulcior
1072 1215 1343 1264 condonans
1370 1221 1585 1277 peccata,
1625 1215 1704 1262 15.

694 1278 897 1344 percutit
932 1286 985 1326 nt
1026 1287 1179 1336 sanet,
1220 1286 1269 1328 et
1310 1276 1484 1326 occidit
1519 1293 1607 1327 nos
1641 1293 1704 1327 ne

696 1343 971 1399 moriamur,
998 1344 1075 1392 19.

634 1407 785 1456 Deus
806 1417 1087 1468 maurum
1106 1409 1353 1462 ordinator,
1374 1407 1426 1466 9,
1446 1413 1497 1454 et
1518 1421 1568 1453 n.

633 1472 741 1522 Der
766 1475 966 1534 potentia
996 1483 1040 1520 et
1074 1473 1163 1520 Dei
1194 1473 1402 1520 voluntas
1434 1471 1572 1520 Deus
1608 1471 1709 1537 ipse

696 1544 785 1591 est,
802 1539 914 1586 107.
940 1538 1073 1586 Deus
1086 1536 1271 1584 nullum
1287 1535 1431 1584 habet
1444 1535 1708 1594 dominum,

702 1601 813 1650 197.
862 1602 976 1651 Sine
996 1600 1144 1666 typho
1164 1601 1447 1658 dominatur,
1468 1599 1536 1648 ib.
1620 1653 1628 1660 ,

634 1665 785 1714 Dnos
805 1667 1161 1727 promissionibus
1180 1665 1275 1714 suis
1295 1665 1349 1713 fit
1368 1663 1571 1721 debitor,
1593 1663 1674 1714 74.

635 1729 744 1779 Dar
796 1733 1080 1792 providentia
1118 1729 1338 1778 omnibus
1380 1729 1501 1777 bene
1543 1728 1706 1787 utitur,

700 1793 843 1842 etiam
878 1809 1033 1844 errore
1068 1794 1327 1850 hominum,
1370 1795 1449 1843 11.
1500 1794 1710 1857 nequitia

699 1867 1021 1924 peccatorum,
1068 1861 1177 1908 158.
1240 1858 1322 1907 Sic
1366 1865 1501 1906 curat
1537 1874 1710 1907 unum-

700 1939 937 1989 quemque
944 1931 1147 1973 nostrum
1163 1931 1389 1986 tanquam
1396 1922 1549 1971 solum
1561 1931 1712 1981 curet,

697 1996 749 2035 et
764 1987 831 2036 sic
850 2003 1031 2047 omnes,
1052 1995 1297 2052 tamquam
1318 1985 1544 2052 singulos,
1567 1989 1649 2037 42.

637 2051 745 2100 Dsr
766 2053 1045 2112 pulcritudo.
1080 2053 1233 2102 Abea
1252 2051 1405 2100 omnis
1422 2051 1706 2116 pulcritudo,

702 2116 812 2162 194.
846 2132 935 2165 sua
955 2116 1254 2182 pulchritudo
1266 2125 1315 2166 et
1330 2131 1419 2166 sua
1435 2116 1708 2181 magnitudo

700 2178 834 2228 Deus
852 2180 953 2246 ipse
972 2189 1059 2236 est,
1080 2181 1163 2228 61.

635 2242 785 2293 Deus
804 2258 987 2308 semper
1006 2247 1198 2307 quietus,
1218 2259 1307 2292 sua
1336 2241 1471 2308 quies
1494 2243 1598 2308 ipse
1619 2251 1706 2304 est,

698 2307 813 2356 280.
855 2307 1053 2373 Semper
1069 2315 1287 2373 operatur
1306 2315 1355 2355 et
1370 2322 1555 2372 semper
1573 2308 1706 2370 quie-

700 2371 805 2429 scit,
836 2373 952 2422 279.
990 2371 1177 2421 Anime
1206 2371 1341 2420 nulla
1366 2371 1500 2435 quies
1533 2371 1620 2420 nisi
1655 2374 1702 2420 in

702 2436 825 2497 Deo,
840 2441 925 2489 55.
960 2436 1203 2497 Quaerenti
1216 2436 1329 2502 quid
1350 2435 1554 2484 faciebat
1571 2437 1706 2486 Deus

700 2512 810 2552 ante
842 2503 1021 2552 coelum
1056 2511 1104 2551 et
1136 2511 1325 2559 terram,
1347 2500 1463 2566 qnid
1498 2501 1706 2566 responsi

700 2567 941 2626 reddatur,
963 2569 1078 2616 212.

636 2630 788 2682 nnus
825 2631 1181 2681 misericorditer
1212 2635 1361 2686 ravit,
1395 2630 1706 2679 amaritudine

698 2695 1706 2824 arrfflssssffiarigernus&

698 2823 937 2872 cecitates
956 2841 1009 2874 su
1072 2823 1297 2872 rillicitas
1310 2823 1604 2888 cupiditates.
1629 2826 1705 2874 16.

700 2888 931 2937 Peccator
949 2903 979 2936 a
1052 2903 1109 2936 eo
1140 2888 1237 2937 leni
1270 2897 1319 2936 et
1344 2889 1471 2936 bono
1502 2888 1703 2952 fugiens,

699 2951 751 3000 in
790 2954 947 3002 Deum
978 2954 1159 3019 justum
1182 2961 1229 3002 et
1250 2968 1461 3001 severum
1494 2953 1701 3012 incurrit,

638 3081 743 3130 Dm
784 3085 982 3132 udentia.
1042 3080 1245 3130 Scientia
1288 3089 1446 3129 nostra
1496 3081 1704 3130 scientiae

702 3147 798 3194 Dei
816 3162 920 3196 com
987 3155 1105 3202 rata,
1126 3145 1388 3209 ignorantia
1408 3153 1495 3200 est,
1516 3147 1634 3194 208.

636 3210 785 3260 Dsus
808 3221 880 3260 est
943 3215 1079 3260 eritas
1109 3221 1298 3266 oeterna,
1320 3225 1429 3274 qum
1451 3209 1701 3274 grandium

696 3283 769 3323 est
798 3276 947 3333 cibus,
983 3278 1091 3324 115.
1138 3274 1325 3324 Veritas
1365 3290 1506 3339 super
1543 3275 1701 3322 omnia

699 3340 973 3404 praesidens,
995 3342 1121 3414 201..
1141 3354 1249 3388 cum
1284 3339 1530 3388 mendacio
1563 3341 1700 3388 Deus

636 3419 791 3516 Diffi}
810 3405 1098 3519 miztia
1110 3403 1196 3516 leti}-
1236 3465 1336 3532 Ipsi
1355 3481 1454 3516 eme
1475 3476 1523 3515 et
1545 3466 1701 3540 vivere

697 3548 791 3580 uon
810 3533 937 3581 aliud
972 3542 1113 3597 atque
1136 3531 1266 3579 aliud
1290 3538 1377 3589 est,
1402 3535 1450 3580 5.
1496 3533 1584 3579 Est
1605 3539 1704 3580 vita

697 3595 959 3645 animarum
983 3607 1031 3645 et
1055 3597 1149 3643 vita
1172 3593 1390 3649 vitarum,
1413 3597 1498 3650 33,
1526 3597 1635 3644 173.

630 3659 734 3706 Dm
770 3660 974 3706 voluntas
1003 3667 1051 3708 et
1084 3658 1179 3707 Dei
1208 3662 1405 3718 potentia
1440 3659 1576 3706 Deus
1605 3660 1703 3724 ipse

693 3729 781 3779 est,
810 3725 921 3781 107,
942 3725 1057 3772 212.
1096 3722 1208 3770 Νοιι
1230 3729 1301 3768 est
1328 3729 1558 3778 creatura,
1582 3725 1698 3772 211.

692 3787 848 3836 Semel
870 3787 1007 3837 simul
1028 3794 1077 3836 et
1098 3800 1280 3850 semper
1292 3785 1394 3832 vult
1410 3787 1570 3834 omnia
1589 3803 1696 3851 quae

690 3852 810 3911 vult,
831 3854 946 3902 233.
994 3853 1106 3902 Νοιι
1127 3865 1247 3900 nova
1281 3849 1523 3898 voluntate
1563 3852 1698 3902 Deus

688 3918 864 3967 creavit
893 3917 1139 3976 mundum,
1160 3917 1274 3964 211.
1324 3915 1546 3981 Optimus
1579 3917 1698 3965 min-

688 3983 799 4032 ister
828 3983 921 4033 Dei
953 3991 1040 4038 est,
1062 3982 1145 4060 qui
1180 3995 1272 4029 nou
1306 3980 1453 4042 magis
1488 3980 1694 4030 intuetur

688 4047 778 4096 hoc
799 4062 830 4095 a
856 4049 961 4097 Deo
979 4047 1145 4095 audire
1180 4046 1307 4109 quod
1342 4045 1441 4109 ipse
1477 4045 1693 4104 voluerit,

688 4113 769 4160 sed
802 4112 953 4176 potius
984 4112 1074 4162 hoc
1111 4111 1233 4160 velle
1262 4111 1389 4174 quod
1410 4124 1441 4157 a
1464 4110 1572 4158 Deo
1606 4126 1691 4159 au·

688 4176 841 4234 dierit,
868 4177 977 4225 186.

622 4239 828 4289 Didonis
868 4249 1060 4290 mortem
1096 4255 1146 4288 se
1179 4238 1359 4287 flevisse
1390 4239 1535 4286 deflet
1566 4238 1694 4302 Aug.

620 4367 739 4417 Dies
749 4383 875 4416 nunc
888 4367 1056 4417 dicitur
1074 4381 1203 4415 mora
1220 4367 1332 4415 solis
1342 4381 1481 4430 super
1498 4375 1686 4426 terram,

684 4447 811 4480 nunc
832 4447 963 4480 mora
983 4432 1125 4479 totius
1145 4431 1367 4480 circuitus
1387 4432 1488 4496 ejus
1504 4433 1566 4481 ab
1593 4433 1686 4480 ori·

684 4503 792 4541 ente
816 4496 875 4542 ad
892 4495 1133 4554 orientem,
1155 4496 1271 4542 219.

622 4554 959 4616 Dignationem
978 4573 1177 4613 sumere.
1200 4560 1283 4606 83.

1579 406 1908 468 INDEX.

1769 565 2002 617 Dilectio.
2031 566 2142 616 Vide
2163 567 2336 616 Amor.

1771 632 1992 689 Discere,
2007 631 2143 696 qnid,
2162 633 2275 691 176,
2297 633 2349 680 8.
2391 633 2476 681 Ad
2495 630 2748 682 discendas
2765 631 2852 680 lin·

1835 711 1954 760 guas
1973 696 2198 761 majorem
2221 697 2317 745 vim
2339 696 2486 746 habet
2509 697 2662 746 libera
2691 699 2845 746 curio-

1837 761 1968 817 sitas,
1989 776 2135 825 quam
2165 761 2446 811 meticulosa
2479 761 2747 821 necesitas,
2776 763 2848 810 13.

1839 825 1964 882 Qun
1979 824 2032 874 in
2049 827 2185 875 rebus
2197 827 2472 892 vanissaepe
2489 827 2679 874 discunt
2695 827 2850 892 pueri.

1835 889 1886 1002 ἐξ
1910 891 2051 940 rebus
2065 907 2160 940 non
2184 892 2318 940 vanis
2333 893 2480 940 tutius
2493 891 2615 940 disci
2631 901 2849 956 possunt,

1772 1017 2042 1067 Discordia
2061 1020 2300 1084 quomodo
2329 1019 2576 1076 sedandis,
2605 1021 2719 1068 160.
2751 1037 2852 1070 ma-

1835 1083 1965 1132 xime
1983 1083 2108 1133 iuter
2127 1085 2282 1134 virum
2305 1094 2354 1133 et
2373 1099 2594 1139 uxorem,
2623 1086 2739 1133 159.

1771 1146 2100 1197 Divinationes
2139 1150 2586 1198 Mathematicorum
2635 1149 2851 1207 fallaces,

1770 1247 1964 1326 Divitia
1985 1250 2206 1327 dicuntur
2219 1277 2410 1343 copiosa
2422 1277 2602 1344 inopia,
2622 1281 2702 1328 11.
2736 1281 2853 1328 Om-

1837 1340 1913 1453 ni:
1946 1342 2088 1456 {gia
2126 1359 2234 1408 quae
2270 1344 2405 1392 Deus
2437 1358 2534 1391 non
2567 1351 2642 1392 est
2673 1353 2852 1410 egestas

1835 1419 1888 1454 es
1911 1439 1925 1459 ,
2048 1442 2061 1454 .

1774 1467 1928 1518 Dolor
1960 1470 2106 1518 animi
2133 1479 2341 1537 tempore
2373 1471 2566 1529 lenitur,
2601 1475 2686 1521 52.
2737 1488 2853 1521 non-

1839 1534 2001 1584 nullus
2031 1537 2382 1602 approbandus,
2405 1537 2568 1586 nullus
2603 1537 2853 1594 amandus,

1837 1600 1920 1647 28.
1953 1615 2050 1648 non
2070 1609 2220 1668 potest
2241 1616 2340 1650 esse
2359 1601 2450 1651 nisi
2471 1603 2522 1650 in
2555 1602 2739 1651 naturis
2771 1605 2854 1651 bo-

1837 1664 1926 1718 nis.
1960 1665 2074 1721 101,
2107 1681 2159 1714 n.
2219 1665 2410 1714 Animis
2446 1667 2636 1717 nonnisi
2667 1667 2851 1718 dolores

1839 1736 1978 1777 extra
1999 1730 2177 1788 Deum,
2199 1733 2284 1788 52,
2311 1731 2392 1780 53.

2283 1989 2344 2038 Ε.

1773 2113 1992 2164 Ecclesia
2028 2116 2230 2180 figurata
2268 2125 2340 2166 est
2378 2135 2464 2184 per
2507 2121 2681 2170 mundi
2721 2137 2844 2171 crea.

1835 2180 2156 2239 tionem,256.
2193 2182 2390 2232 Parvuli
2407 2185 2455 2232 in
2479 2184 2596 2233 nido
2620 2187 2843 2236 Ecclesiae

1834 2245 2133 2309 plumescunt
2160 2254 2209 2295 et
2238 2246 2343 2296 alas
2373 2249 2585 2298 caritatis
2624 2251 2844 2300 alimento

1835 2323 1964 2358 sanae
2001 2310 2113 2359 fidei
2149 2311 2381 2368 nutriunt,
2417 2315 2501 2362 62.
2557 2315 2638 2362 [ιιι
2676 2317 2847 2364 robatio

1835 2372 2160 2424 hereticorum
2177 2375 2289 2423 facit
2307 2378 2518 2427 eminere
2537 2378 2624 2442 qui
2681 2381 2844 2429 sentiat

1836 2435 2067 2493 Ecclesia,
2090 2441 2174 2489 121
2187 2475 2201 2488 .
2235 2441 2448 2490 Ecclesia
2465 2443 2844 2492 Manichaeomm

1835 2516 1897 2612 Ξῖ
1935 2502 2243 2554 Auditor-ibus
2272 2514 2321 2554 et
2361 2507 2542 2556 Electis
2576 2509 2840 2568 constabat,

1901 2600 1918 2622 ‚
1944 2582 1993 2616 n.

1769 2629 2049 2687 Ecclesiam,
2087 2631 2160 2681 bis
2190 2630 2242 2679 in
2279 2632 2374 2689 die,
2395 2647 2538 2685 mane
2572 2645 2625 2685 et
2657 2653 2842 2702 vespere

1833 2695 2064 2744 Mounica
2085 2697 2266 2745 assidue
2287 2698 2524 2757 veniebat,
2547 2703 2633 2750 ⁷3.

1769 2757 1925 2807 Electi
1963 2761 2358 2818 Manichaeorum,
2394 2766 2478 2823 41,
2513 2775 2562 2815 et
2601 2781 2651 2814 n.
2691 2768 2769 2823 40,
2793 2782 2841 2816 ιι.

1833 2825 1917 2878 45,
1939 2832 1986 2872 et
2009 2840 2058 2872 n.
2080 2826 2162 2879 74,
2185 2834 2233 2874 et
2255 2841 2304 2874 n.

1769 2887 2000 2951 Epicurus
2020 2899 2126 2954 post
2145 2897 2338 2938 mortem
2374 2901 2549 2943 restare
2579 2894 2756 2944 animae
2776 2896 2842 2944 vi-

1830 2959 1944 3062 tam,
1969 2962 2214 3067 eztractus
2235 2955 2503 3006 meritorum
2535 2961 2728 3010 credere
2762 2977 2841 3009 no-

1853 3025 1943 3075 uit,
1969 3022 1991 3067 l
2067 3053 2080 3066 .

1770 3080 1939 3145 Epulo
1977 3090 2027 3131 et
2063 3097 2265 3146 synaxes
2304 3085 2364 3134 ad
2404 3086 2671 3137 Memor-ias
2709 3091 2838 3138 Mar-

1836 3152 2011 3209 tyrum,
2037 3147 2119 3195 83.

1768 3209 1977 3272 ΕῳιιιΙεί
2000 3221 2046 3260 et
2068 3211 2276 3274 ungule,
2302 3214 2350 3262 8.

1766 3273 2140 3385 Εεῗιὶιζῖςγρῑὶο
2159 3276 2265 3325 cibo
2281 3277 2494 3326 vendidit
2510 3280 2838 3346 primogenita,

1933 3375 1945 3396 ,
1967 3348 2017 3388 et
2038 3355 2086 3388 ιι.

1765 3402 1855 3450 Est
1876 3419 1986 3452 vere
2021 3404 2068 3453 id
2099 3403 2227 3468 quod
2262 3404 2708 3460 incommutabiliter
2739 3427 2838 3460 ma·

1831 3476 1929 3526 net,
1953 3470 2064 3517 116.
2108 3468 2286 3518 Omnia
2319 3486 2432 3519 vera
2461 3481 2590 3530 sunt,
2615 3475 2668 3522 in
2687 3491 2836 3542 quan-

1830 3538 1929 3578 tum
1971 3541 2098 3592 sunt,
2142 3537 2253 3584 115.
2306 3534 2348 3582 A
2393 3535 2502 3584 Deo
2536 3549 2650 3587 sunt
2681 3542 2836 3589 omnia

1831 3593 2301 3662 inquantumcunque
2323 3607 2447 3656 sunt,
2468 3602 2585 3651 228.

1770 3658 1884 3706 Evae
1906 3661 2240 3726 reliquiarium,
2263 3665 2344 3712 72.

1765 3723 2039 3788 Evangelici
2083 3728 2280 3776 ministri
2321 3727 2498 3778 debent
2538 3747 2642 3780 esse
2689 3731 2833 3781 forma

1826 3787 2045 3839 fidelibus
2068 3791 2286 3850 vivendo,
2308 3795 2423 3841 266.

1764 3851 2064 3904 Eucharistia
2082 3857 2251 3905 dicitur
2273 3857 2656 3907 Communicatio
2672 3861 2835 3907 Domi-

1824 3917 2499 4051 2ss⁰ifizffzz⁵5ffiffltslssfss³ff⁷²
2519 3931 2834 4036 ῗῗέἒέὶξῶ

1821 4058 2186 4109 sacramentum,
2217 4051 2286 4098 ib.
2347 4051 2558 4100 Pretium
2597 4061 2830 4109 nostrum,

1856 4113 1949 4159 uod
1972 4120 2004 4140 ‘⁶
2029 4118 2248 4163 manduco
2280 4124 2323 4163 et
2357 4118 2450 4162 bibo
2477 4126 2520 4164 et
2557 4118 2748 4181 erogo,’'
2771 4117 2834 4165 ait

1873 4191 1950 4240 ug.
1986 4180 2101 4227 203.
2155 4178 2236 4227 Ad
2272 4179 2529 4228 Memorias
2565 4179 2834 4246 Martyrum

1822 4241 2051 4291 celebrari
2073 4244 2229 4302 solita,
2247 4245 2328 4300 84,
2347 4245 2427 4302 83,
2451 4260 2498 4290 n.

1759 4303 1965 4378 Euodius
1982 4309 2138 4380 patria
2159 4308 2506 4373 Thagastensis,
2533 4312 2649 4360 156.
2678 4312 2831 4378 Agens

1817 4384 1866 4417 ιιι
1931 4381 2069 4420 rebus
2132 4373 2341 4422 militans
2407 4376 2701 4424 convertitur
2768 4377 2828 4424 ad

1818 4433 1996 4491 Deum.
2032 4448 2081 4485 et
2111 4445 2219 4486 ente
2251 4438 2418 4503 Augm.
2456 4439 2748 4503 baptizatur.
2769 4443 2826 4489 ib.

1818 4498 1970 4562 Augo.
2001 4515 2050 4549 se
2087 4501 2268 4550 socium
2307 4503 2355 4550 in
2399 4511 2561 4551 sancto
2595 4507 2826 4578 proposito

1816 4561 2043 4628 adjungit,
2065 4574 2242 4614 etcum
2275 4582 2332 4616 eo
2367 4567 2487 4617 redit
2515 4568 2566 4615 in
2593 4569 2821 4628 Ali-icam,
