3042 5059
527 332 544 342 ⁴
648 339 1362 405 CONFESSIONEM
1408 340 1695 403 LIBER
1738 340 1894 403 VII.
2253 342 2369 403 121

183 495 352 561 vitati
391 504 458 559 et
505 494 802 559 rationali
845 500 1134 557 creatura
1173 511 1305 555 non
1349 492 1509 571 fieri,
1554 493 1637 556 ad
1684 493 1901 577 ipsum
1945 492 2376 557 Christianam

184 598 367 660 fidem
395 598 648 681 pigrius
677 597 1068 661 movebatur.
1157 596 1286 661 Sed
1319 603 1549 679 postea
1573 595 2016 659 haereticorum
2044 595 2373 678 Apollina-

181 700 500 763 ristarum'’
539 701 716 764 hunc
755 720 1024 763 errorem
1055 720 1196 763 esse
1230 719 1651 779 cognoscem,
1680 698 2017 761 catholicae
2054 696 2208 760 fidei
2246 698 2375 761 col·

183 804 422 865 laetatus
452 812 518 866 et
549 810 1062 885 contemperatus
1090 809 1206 865 est.
1285 802 1434 881 Ego
1464 808 1676 864 autem
1706 800 2033 883 aliquanto
2060 800 2381 883 posterius

185 902 476 965 didicisse
506 924 614 965 me
642 903 864 979 fateor,
891 903 964 966 in
989 924 1067 967 eo
1099 903 1275 986 quod
1321 902 1589 966 Verbum
1618 923 1769 965 caro
1777 903 2047 984 factum
2075 908 2193 977 est,
2221 919 2379 983 quo—

183 1002 364 1065 modo
390 1004 719 1067 catholica
745 1002 976 1066 veritas
1003 1024 1045 1067 a
1072 1002 1372 1067 Photinie
1398 1003 1675 1067 falsitate
1704 1001 2053 1065 dirimatur.
2132 1002 2379 1081 Impro-

185 1103 349 1165 batio
391 1103 642 1186 quippe
691 1103 1134 1167 haereticorum
1183 1103 1342 1167 facit
1385 1103 1663 1167 eminere
1712 1101 1872 1186 quid
1920 1100 2225 1165 Ecclesia
2269 1107 2382 1165 tua

179 1204 425 1281 sentiat,
477 1212 547 1266 et
597 1204 758 1287 quid
805 1204 1042 1267 habeat
1099 1224 1256 1267 sana
1311 1203 1619 1267 doctrina.
1730 1203 2038 1283 oportuit
2083 1203 2256 1265 enim
2314 1202 2423 1264 etl
2451 1204 2565 1255 cor.

185 1308 434 1367 leaereoes
459 1324 619 1380 esse,
647 1312 724 1367 ut
738 1304 1005 1385 probati
1031 1305 1628 1387 mantjfestifierent
1655 1305 1831 1367 inter
1858 1304 2171 1384 infirmm.
2398 1270 2474 1328 11,
2500 1271 2579 1321 ¹⁹⁶

263 1412 362 1469 26.
408 1406 542 1470 Sed
589 1415 748 1471 tunc
792 1408 978 1471 lectis
1023 1408 1498 1471 Platonicorum
1539 1407 1673 1470 illis
1711 1407 1916 1482 libris,
1954 1414 2375 1491 posteaquam
2451 1422 2566 1471 xx.

188 1508 324 1570 inde
371 1507 746 1572 admonitus
801 1528 1080 1592 quaercre
1135 1509 1577 1590 incorpoream
1630 1508 1977 1583 veritatem,
2026 1508 2380 1571 invisibilia
2395 1486 2606 1600 3253*

189 1618 316 1685 tua,
335 1629 457 1689 per
491 1630 574 1672 ea
614 1630 754 1692 quae
775 1610 980 1691 facta
1017 1616 1194 1685 sunt,
1219 1610 1555 1671 intellecta
1596 1608 1932 1687 complex&
1982 1615 2047 1669 et
2085 1609 2527 1690 repnsssustibrjq

192 1709 348 1771 sensi
375 1708 536 1793 quid
575 1730 692 1791 per
719 1711 1014 1773 tenebras
1042 1710 1272 1773 animae
1302 1730 1462 1773 meae
1503 1707 1924 1790 contemplari
1960 1728 2095 1770 non
2123 1708 2380 1785 sinerer,
2395 1688 2600 1791 {2⁶anss

193 1818 386 1873 certus
420 1830 564 1873 esse
609 1819 696 1887 te,
725 1820 792 1874 et
823 1812 1150 1873 infinitum
1185 1831 1348 1889 esse,
1385 1831 1504 1873 nec
1544 1818 1759 1873 tamen
1794 1829 1909 1891 per
1942 1810 2127 1873 locos
2164 1809 2381 1873 finitos
2395 1806 2597 1857 inflatior

192 1909 540 1973 infinitosve
589 1911 900 1989 diffundi3
967 1919 1031 1975 et
1080 1934 1224 1976 vere
1275 1920 1338 1975 te
1389 1932 1531 1975 esse
1580 1912 1692 1995 qui
1736 1931 1985 1993 semper
2024 1909 2195 1973 idem
2238 1910 2381 1992 ipse
2393 1878 2622 1921 evaserat.

193 2006 406 2087 essesd,
433 2033 520 2074 ex
560 2014 744 2076 nulla
780 2020 960 2095 parte
995 2014 1304 2097 nulloque
1333 2020 1514 2076 motu
1542 2012 1725 2075 aliter
1750 2019 1864 2075 aut
1891 2012 2075 2075 aliter
2090 2034 2109 2087 ;
2153 2020 2385 2074 caetera

194 2133 328 2174 vero
365 2132 448 2174 ex
486 2120 552 2175 te
597 2133 740 2177 esse
777 2114 1012 2189 omnia,
1040 2114 1168 2177 hoc
1207 2114 1346 2176 solo
1383 2112 1749 2175 firmissimo
1790 2112 2195 2190 document0‚
2230 2112 2385 2195 quia

197 2220 360 2275 sunt:
405 2220 624 2276 certus
662 2214 922 2298 quidem
966 2215 1038 2277 in
1071 2215 1217 2277 istis
1255 2236 1448 2291 eram,
1477 2214 1675 2277 nimis
1708 2223 1921 2277 tamen
1959 2212 2253 2277 infirmus
2296 2212 2381 2276 ad

197 2311 512 2373 fruendum
535 2323 622 2375 te.
685 2314 1060 2377 Garriebam
1080 2315 1274 2397 plane
1295 2314 1482 2398 quasi
1501 2314 1770 2396 peritus,
1786 2321 1851 2377 et
1877 2312 2003 2375 nisi
2031 2312 2100 2374 in
2122 2313 2383 2377 Christo

197 2412 506 2475 Salvatore
573 2423 792 2477 nostro
849 2414 1018 2483 viam
1085 2422 1260 2477 tuam
1331 2434 1699 2498 quaererem,
1754 2434 1887 2476 non
1944 2413 2211 2495 peritus,
2268 2412 2385 2477 sed

197 2511 496 2593 periturus
542 2535 771 2577 essem.
860 2516 904 2579 J
905 2536 1008 2578 am
1058 2515 1228 2579 enim
1279 2534 1597 2596 coeperam
1648 2513 1812 2577 velle
1854 2513 2053 2576 videri
2104 2514 2385 2596 sapienS,

197 2612 408 2693 plenus
435 2635 636 2696 poena
663 2635 832 2678 meat
880 2621 945 2679 et
970 2636 1102 2678 non
1133 2610 1388 2691 flebam,
1406 2614 1668 2697 insuper
1696 2623 1761 2677 et
1784 2613 2071 2695 ivfiabar
2088 2616 2383 2678 scientia.
2405 2631 2428 2677 1
2448 2629 2620 2687 Cone,

259 2772 283 2808 b
331 2772 437 2821 Fuit
504 2773 696 2822 uaedam
737 2772 943 2831 baeresis,
983 2772 1056 2822 vel
1095 2772 1252 2822 adhuc

199 2836 392 2884 fortassis
420 2838 482 2886 ba
545 2846 658 2887 ntur
688 2838 916 2901 reliquiae,
939 2837 1252 2901 quorundam,

201 2900 273 2963 qui
310 2902 420 2949 dicti
470 2909 587 2951 suut
628 2903 674 2952 A
741 2902 1001 2950 llinaristae.
1087 2902 1255 2966 Aliqui

200 2964 384 3027 ipsorum
419 2966 642 3015 dixerunt
706 2966 910 3015 ominem
938 2965 1090 3022 illum,
1112 2982 1254 3030 quem

199 3031 390 3093 suscepit
422 3032 659 3088 Verbum,
691 3046 800 3079 cum
837 3036 870 3058 ‘⁸
897 3030 1108 3079 Verbum
1145 3045 1256 3079 caro

125 3096 132 3104 ‘
203 3092 362 3140 factum
390 3096 514 3150 est,”
553 3111 647 3143 non
677 3094 895 3143 habuisse
927 3102 1132 3143 mentem
1166 3094 1256 3143 hu·

202 3172 394 3216 manam,
429 3158 581 3223 (illud
614 3159 741 3221 quod
773 3158 960 3221 λογικὴν
991 3158 1150 3207 Greci
1183 3158 1255 3207 di-

203 3230 320 3277 cunt,
343 3237 428 3269 nos
457 3222 663 3272 dicimus
693 3224 940 3278 rationale,
963 3223 1090 3272 unde
1118 3222 1260 3271 bomo

204 3284 505 3343 ratiocinatur,
549 3287 674 3350 quod
728 3303 820 3335 non
863 3287 1041 3336 babent
1085 3296 1258 3336 cetera

204 3348 438 3412 animalia)
452 3351 538 3399 sed
553 3358 736 3399 tantum
750 3352 956 3399 animam
967 3350 1069 3399 siue
1080 3350 1254 3399 intelli-

204 3414 346 3473 geutia
367 3413 578 3463 humana
598 3416 754 3464 fuisse.
807 3416 902 3465 Sed
921 3415 1038 3478 quid
1059 3414 1255 3467 dicunt}

205 3476 353 3539 Ipsum
368 3479 581 3527 Verbum
600 3480 692 3527 Dei
710 3480 798 3528 boc
811 3481 966 3528 eratin
980 3478 1062 3527 illo
1071 3479 1257 3528 homine

205 3555 279 3601 pro
297 3550 465 3590 mente.
511 3544 708 3591 Exclusi
729 3552 840 3591 suut
855 3544 949 3600 isti,
965 3543 1140 3608 respuit
1154 3544 1261 3592 illos

208 3604 425 3654 catholica
444 3606 582 3664 fides»,
595 3617 644 3656 et
657 3608 852 3655 haeresin
871 3608 1094 3657 fecerunt.
1129 3608 1251 3656 Con-

208 3668 424 3718 firmatum
457 3680 528 3718 est.
559 3671 606 3718 in
637 3671 871 3720 catholica
889 3672 1000 3725 fide.
1022 3671 1256 3719 hominem

208 3730 327 3779 illum
348 3749 485 3797 quem
507 3737 715 3801 suscepit
743 3735 986 3801 Sapientia
1011 3735 1121 3791 Dei,
1142 3735 1258 3783 nihil

212 3795 350 3845 minus
389 3798 609 3848 habuisse
649 3815 792 3862 quam
837 3799 995 3849 caeteri
1034 3799 1262 3858 homines,

213 3870 423 3921 quantum
439 3863 642 3927 pertinet
655 3863 716 3912 ad
730 3864 1045 3925 integritatem
1059 3872 1257 3913 naturae:

214 3933 421 3986 quantum
435 3937 592 3975 autem
609 3926 670 3975 sd
687 3928 1014 3977 excellentiam
1030 3943 1258 3993 persono.

219 3987 334 4037 aliud
347 4006 486 4054 quam
504 3991 664 4040 caeteri
684 3991 913 4041 homines.
957 3992 1086 4040 Nam
1104 3992 1259 4041 caeteri

216 4049 410 4101 homines
553 4064 640 4103 unt
683 4055 776 4104 dici
851 4056 1073 4121 articipes
1115 4056 1262 4105 Verbi

221 4115 324 4172 Dei,
343 4117 566 4167 habentes
588 4121 798 4168 Verbum
874 4119 950 4169 ei:
988 4120 1146 4169 nullus
1177 4134 1260 4169 au·

217 4186 301 4249 tem
319 4196 472 4230 eorum
557 4191 645 4233 test
661 4183 752 4233 dici
773 4184 986 4233 Verbum
1008 4184 1120 4239 Dei,
1137 4183 1265 4247 quod

216 4241 356 4292 dictus
385 4255 451 4294 est
484 4247 498 4294 i
524 4248 583 4303 le,
617 4264 722 4296 cum
753 4248 934 4297 dictum
965 4256 1053 4303 est,
1085 4254 1118 4275 “
1147 4250 1264 4297 Ver·

220 4306 318 4354 bum
338 4324 444 4357 caro
466 4310 636 4360 sactum
661 4312 784 4361 est.’'
825 4313 983 4376 (Aug.
1007 4312 1056 4361 in
1083 4312 1160 4361 Ps.
1184 4313 1266 4360 29.

219 4370 370 4443 Enarr.
401 4376 452 4421 2.
486 4376 528 4436 §.
559 4375 636 4438 2.)
704 4376 798 4425 Sed
833 4392 940 4425 cum
979 4391 1138 4425 secum
1177 4375 1266 4441 ipsi

220 4444 477 4500 cogitarent,
512 4438 748 4490 fatendum
781 4456 900 4499 esse,
936 4441 974 4490 si
1005 4440 1072 4490 ita
1103 4448 1190 4497 est,
1211 4448 1266 4488 ut

1317 2772 1588 2850 unigenitus
1614 2773 1710 2823 Dei
1735 2773 1900 2830 Filius.
1930 2774 2171 2839 Sapientia
2190 2783 2239 2824 et
2264 2775 2386 2852 Ver-

1317 2837 2157 2967 ἓὲῗηῖἕᾯὲξὲἓὲοῖυῗῗςίῗὲ
2160 2846 2179 2887 ²
2190 2854 2385 2953 12⁰3&

1318 2980 1460 3077 333¹?
1461 2964 1549 3077 1¹22.
1563 2966 2381 3079 ⁸”.⁵33¹²{³:3..2‘⁹23²¹22..22³.t3152¹.;·

1319 3101 1374 3142 ut
1406 3062 1610 3141 redirent
1643 3094 1703 3141 ad
1736 3094 1943 3143 veritatis
1976 3094 2118 3151 viam,
2141 3066 2387 3159 totumque,

1321 3157 1555 3205 bominem
1573 3172 1603 3204 a
1619 3157 1865 3222 Sapientia
1890 3157 1981 3207 Dei
2001 3165 2269 3223 susceptum
2287 3174 2387 3209 esee

1321 3221 1672 3278 confiterentur,
1692 3222 1825 3269 nulla
1844 3222 2155 3271 diminutione
2173 3230 2381 3272 natum:

1317 3285 1399 3333 sed
1434 3286 1660 3349 ampliore
1700 3286 1770 3333 usi
1802 3286 2021 3343 audacie,
2060 3286 2205 3351 ipsam
2245 3286 2387 3335 etiam

1319 3348 1527 3398 animam
1570 3356 1818 3413 totumque
1860 3350 1977 3399 utile
2017 3348 2220 3399 bominis
2270 3350 2386 3399 alie-

1320 3422 1486 3463 nantes
1516 3414 1579 3462 ab
1612 3429 1687 3470 eo,
1723 3413 1871 3463 solam
1910 3429 2099 3465 carnem
2130 3414 2389 3463 humanam

1319 3493 1428 3526 eum
1459 3478 1716 3542 suscepisse
1753 3477 1989 3553 dixerunt.
2056 3479 2174 3554 (De.
2196 3479 2259 3527 83
2293 3477 2391 3527 div.

1323 3542 1763 3663 3:²3;.21.23;'..
1792 3544 1855 3655 {³2}
1884 3542 1991 3655 ‘¹1¹3
2010 3544 2391 3666 ἔξέρέἓξῗξῖἑζ

1323 3678 1369 3717 et
1389 3684 1416 3717 a
1437 3668 1641 3735 simplici
1662 3679 1710 3718 et
1731 3686 1839 3719 vera
1892 3670 1980 3730 de;
2004 3678 2052 3719 et
2069 3671 2391 3719 confirmatum

1321 3742 1391 3781 est
1413 3732 1649 3783 hominem
1670 3734 1805 3783 illum
1841 3735 2143 3783 mediatorem
2175 3734 2394 3783 babuisse

1325 3797 1484 3846 omnia
1506 3798 1707 3849 bominis
1726 3807 1894 3863 preter
1914 3806 2177 3864 peceatum.
2198 3799 2327 3862 Aug.
2344 3798 2393 3846 in

1328 3862 1412 3959 1³⁸3
1440 3862 1717 3975 ¹i²fil>ziniani
1747 3924 2028 3991 principium
2051 3924 2171 3973 mio
2205 3925 2301 3973 Dei
2330 3940 2391 3973 ex

1325 3998 1455 4039 utero
1470 3990 1657 4052 virginis
1672 3990 1901 4046 tribuunt,
1919 4004 2007 4038 nec
2023 3988 2190 4037 volunt
2204 3988 2395 4037 credere

1327 4054 1454 4117 quod
1495 4061 1545 4102 et
1581 4062 1723 4102 antea
1763 4052 1918 4102 fuerit.
1970 4052 2103 4116 Aug.
2148 4054 2239 4117 Ep.
2286 4052 2395 4100 147.

1327 4133 1375 4166 c·
1394 4118 1572 4229 Z⁶Esse
1604 4180 1725 4229 enim
1761 4181 1821 4229 ad
1854 4180 2139 4229 manendum
2168 4179 2396 4242 refertur-3

1329 4246 1491 4312 itaque
1506 4246 1635 4309 quod
1656 4260 1835 4294 summe
1855 4259 1913 4293 ac
1935 4246 2138 4294 maxime
2158 4260 2259 4293 esse
2276 4244 2397 4293 dici·

1331 4320 1424 4369 tur,
1449 4309 1766 4376 permanendo
1786 4309 1834 4357 in
1856 4322 1908 4358 se
1928 4308 2115 4358 dicitur.
2182 4309 2313 4372 Aug.
2336 4308 2397 4357 de

1333 4376 1462 4425 Mor.
1484 4374 1705 4425 Manich.
1724 4390 1768 4423 c.
1794 4375 1844 4423 6.
1881 4374 1924 4422 V
1931 4370 1995 4424 id.
2016 4389 2119 4438 sup.
2148 4388 2189 4422 c.
2220 4373 2281 4421 xi.

2409 2695 2453 2743 1.
