<?xml version="1.0" encoding="UTF-8"?>
<!DOCTYPE html PUBLIC "-//W3C//DTD XHTML 1.0 Transitional//EN"
    "http://www.w3.org/TR/xhtml1/DTD/xhtml1-transitional.dtd">
<html xmlns="http://www.w3.org/1999/xhtml" xml:lang="en" lang="en">
 <head>
  <title>
</title>
<meta http-equiv="Content-Type" content="text/html;charset=utf-8" />
  <meta name='ocr-system' content='tesseract 3.04.00' />
  <meta name='ocr-capabilities' content='ocr_page ocr_carea ocr_par ocr_line ocrx_word'/>
</head>
<body>
  <div class='ocr_page' id='page_1' title='image "./confessionespos00dubogoog_0161.png"; bbox 0 0 3042 5059; ppageno 0'>
   <div class='ocr_carea' id='block_1_1' title="bbox 640 423 2381 491">
    <p class='ocr_par' dir='ltr' id='par_1_1' title="bbox 640 423 2381 491">
     <span class='ocr_line' id='line_1_1' title="bbox 640 423 2381 491; baseline 0 -3"><span class='ocrx_word' id='word_1_1' title='bbox 640 424 1361 491; x_wconf 85' lang='lat' dir='ltr'><strong>CONFESSIONUM</strong></span> <span class='ocrx_word' id='word_1_2' title='bbox 1405 423 1689 490; x_wconf 88' lang='lat' dir='ltr'>LIBER</span> <span class='ocrx_word' id='word_1_3' title='bbox 1731 424 1925 490; x_wconf 88' lang='lat' dir='ltr'><strong>VIII.</strong></span> <span class='ocrx_word' id='word_1_4' title='bbox 2254 430 2381 489; x_wconf 65' lang='lat'><strong>139</strong></span> 
     </span>
    </p>
   </div>
   <div class='ocr_carea' id='block_1_2' title="bbox 149 578 2601 2787">
    <p class='ocr_par' dir='ltr' id='par_1_2' title="bbox 149 578 2381 2183">
     <span class='ocr_line' id='line_1_2' title="bbox 153 578 2381 663; baseline 0.001 -22"><span class='ocrx_word' id='word_1_5' title='bbox 153 579 318 655; x_wconf 85' lang='lat' dir='ltr'><strong>sibi,</strong></span> <span class='ocrx_word' id='word_1_6' title='bbox 379 586 447 641; x_wconf 89' lang='lat' dir='ltr'><strong>et</strong></span> <span class='ocrx_word' id='word_1_7' title='bbox 498 578 862 643; x_wconf 66' lang='lat' dir='ltr'><strong>resistiturb.</strong></span> <span class='ocrx_word' id='word_1_8' title='bbox 966 581 1250 663; x_wconf 84' lang='lat' dir='ltr'><strong>Imperat</strong></span> <span class='ocrx_word' id='word_1_9' title='bbox 1311 581 1563 644; x_wconf 88' lang='lat' dir='ltr'><strong>animus</strong></span> <span class='ocrx_word' id='word_1_10' title='bbox 1618 588 1691 646; x_wconf 92' lang='lat' dir='ltr'><strong>ut</strong></span> <span class='ocrx_word' id='word_1_11' title='bbox 1745 588 2071 644; x_wconf 71' lang='lat' dir='ltr'><strong>moveatur</strong></span> <span class='ocrx_word' id='word_1_12' title='bbox 2131 600 2381 657; x_wconf 77' lang='lat' dir='ltr'><strong>manuS,</strong></span> 
     </span>
     <span class='ocr_line' id='line_1_3' title="bbox 154 680 2373 763; baseline 0.001 -22"><span class='ocrx_word' id='word_1_13' title='bbox 154 688 228 741; x_wconf 88' lang='lat' dir='ltr'><strong>et</strong></span> <span class='ocrx_word' id='word_1_14' title='bbox 257 687 444 743; x_wconf 88' lang='lat' dir='ltr'><strong>tanta</strong></span> <span class='ocrx_word' id='word_1_15' title='bbox 472 689 570 744; x_wconf 89' lang='lat' dir='ltr'><strong>est</strong></span> <span class='ocrx_word' id='word_1_16' title='bbox 594 681 868 744; x_wconf 82' lang='lat' dir='ltr'><strong>facilitas</strong></span> <span class='ocrx_word' id='word_1_17' title='bbox 912 688 986 745; x_wconf 90' lang='lat' dir='ltr'><strong>ut</strong></span> <span class='ocrx_word' id='word_1_18' title='bbox 1025 681 1140 744; x_wconf 86' lang='lat' dir='ltr'><strong>vix</strong></span> <span class='ocrx_word' id='word_1_19' title='bbox 1184 703 1224 745; x_wconf 90' lang='lat' dir='ltr'><strong>a</strong></span> <span class='ocrx_word' id='word_1_20' title='bbox 1266 681 1518 745; x_wconf 85' lang='lat' dir='ltr'><strong>servitio</strong></span> <span class='ocrx_word' id='word_1_21' title='bbox 1564 680 1956 744; x_wconf 83' lang='lat' dir='ltr'>discernatur</span> <span class='ocrx_word' id='word_1_22' title='bbox 1995 680 2373 763; x_wconf 87' lang='lat' dir='ltr'><strong>imperium:</strong></span> 
     </span>
     <span class='ocr_line' id='line_1_4' title="bbox 155 781 2375 865; baseline 0.001 -23"><span class='ocrx_word' id='word_1_23' title='bbox 155 788 229 843; x_wconf 85' lang='lat' dir='ltr'><strong>et</strong></span> <span class='ocrx_word' id='word_1_24' title='bbox 283 781 538 842; x_wconf 88' lang='lat' dir='ltr'><strong>animus</strong></span> <span class='ocrx_word' id='word_1_25' title='bbox 581 781 832 844; x_wconf 88' lang='lat' dir='ltr'><strong>animus</strong></span> <span class='ocrx_word' id='word_1_26' title='bbox 883 789 1001 862; x_wconf 86' lang='lat' dir='ltr'><strong>est,</strong></span> <span class='ocrx_word' id='word_1_27' title='bbox 1051 802 1279 845; x_wconf 85' lang='lat' dir='ltr'><strong>manus</strong></span> <span class='ocrx_word' id='word_1_28' title='bbox 1329 788 1543 845; x_wconf 86' lang='lat' dir='ltr'><strong>autem</strong></span> <span class='ocrx_word' id='word_1_29' title='bbox 1600 800 1833 865; x_wconf 87' lang='lat' dir='ltr'><strong>corpus</strong></span> <span class='ocrx_word' id='word_1_30' title='bbox 1889 788 2008 843; x_wconf 82' lang='lat' dir='ltr'><strong>est.</strong></span> <span class='ocrx_word' id='word_1_31' title='bbox 2092 782 2375 863; x_wconf 84' lang='lat' dir='ltr'><strong>Imperat</strong></span> 
     </span>
     <span class='ocr_line' id='line_1_5' title="bbox 156 881 2375 963; baseline -0 -19"><span class='ocrx_word' id='word_1_32' title='bbox 156 881 422 944; x_wconf 87' lang='lat' dir='ltr'><strong>animus</strong></span> <span class='ocrx_word' id='word_1_33' title='bbox 448 888 523 944; x_wconf 88' lang='lat' dir='ltr'><strong>ut</strong></span> <span class='ocrx_word' id='word_1_34' title='bbox 548 882 703 945; x_wconf 83' lang='lat' dir='ltr'><strong>velit</strong></span> <span class='ocrx_word' id='word_1_35' title='bbox 729 882 1002 959; x_wconf 80' lang='lat' dir='ltr'><strong>animuS,</strong></span> <span class='ocrx_word' id='word_1_36' title='bbox 1031 903 1152 946; x_wconf 87' lang='lat' dir='ltr'><strong>nec</strong></span> <span class='ocrx_word' id='word_1_37' title='bbox 1184 884 1339 947; x_wconf 87' lang='lat' dir='ltr'><strong>alter</strong></span> <span class='ocrx_word' id='word_1_38' title='bbox 1365 890 1483 963; x_wconf 85' lang='lat' dir='ltr'><strong>est,</strong></span> <span class='ocrx_word' id='word_1_39' title='bbox 1509 902 1631 946; x_wconf 82' lang='lat' dir='ltr'><strong>nee</strong></span> <span class='ocrx_word' id='word_1_40' title='bbox 1669 882 1825 946; x_wconf 74' lang='lat' dir='ltr'><strong>facit</strong></span> <span class='ocrx_word' id='word_1_41' title='bbox 1858 890 2089 945; x_wconf 84' lang='lat' dir='ltr'><strong>tamen.</strong></span> <span class='ocrx_word' id='word_1_42' title='bbox 2179 882 2375 945; x_wconf 86' lang='lat' dir='ltr'>Unde</span> 
     </span>
     <span class='ocr_line' id='line_1_6' title="bbox 153 982 2375 1067; baseline 0 -24"><span class='ocrx_word' id='word_1_43' title='bbox 153 983 290 1045; x_wconf 85' lang='lat' dir='ltr'><strong>hoe</strong></span> <span class='ocrx_word' id='word_1_44' title='bbox 335 983 742 1046; x_wconf 84' lang='lat' dir='ltr'><strong>monstrum?</strong></span> <span class='ocrx_word' id='word_1_45' title='bbox 802 991 868 1045; x_wconf 92' lang='lat' dir='ltr'><strong>et</strong></span> <span class='ocrx_word' id='word_1_46' title='bbox 910 1004 1104 1067; x_wconf 84' lang='lat' dir='ltr'><strong>quare</strong></span> <span class='ocrx_word' id='word_1_47' title='bbox 1146 984 1365 1047; x_wconf 85' lang='lat' dir='ltr'><strong>istud?</strong></span> <span class='ocrx_word' id='word_1_48' title='bbox 1439 984 1743 1067; x_wconf 80' lang='lat' dir='ltr'><strong>Imperat,</strong></span> <span class='ocrx_word' id='word_1_49' title='bbox 1770 982 2056 1066; x_wconf 88' lang='lat' dir='ltr'><strong>inquam,</strong></span> <span class='ocrx_word' id='word_1_50' title='bbox 2084 989 2159 1044; x_wconf 91' lang='lat' dir='ltr'><strong>ut</strong></span> <span class='ocrx_word' id='word_1_51' title='bbox 2199 984 2375 1059; x_wconf 85' lang='lat' dir='ltr'><strong>velit,</strong></span> 
     </span>
     <span class='ocr_line' id='line_1_7' title="bbox 153 1083 2375 1168; baseline 0 -23"><span class='ocrx_word' id='word_1_52' title='bbox 153 1083 280 1166; x_wconf 86' lang='lat' dir='ltr'><strong>qui</strong></span> <span class='ocrx_word' id='word_1_53' title='bbox 322 1104 458 1147; x_wconf 92' lang='lat' dir='ltr'><strong>non</strong></span> <span class='ocrx_word' id='word_1_54' title='bbox 498 1084 841 1166; x_wconf 80' lang='lat' dir='ltr'><strong>imperaret</strong></span> <span class='ocrx_word' id='word_1_55' title='bbox 878 1084 1005 1147; x_wconf 88' lang='lat' dir='ltr'><strong>nisi</strong></span> <span class='ocrx_word' id='word_1_56' title='bbox 1047 1086 1257 1163; x_wconf 84' lang='lat' dir='ltr'><strong>vellet,</strong></span> <span class='ocrx_word' id='word_1_57' title='bbox 1287 1094 1352 1150; x_wconf 90' lang='lat' dir='ltr'><strong>et</strong></span> <span class='ocrx_word' id='word_1_58' title='bbox 1385 1106 1516 1148; x_wconf 93' lang='lat' dir='ltr'><strong>non</strong></span> <span class='ocrx_word' id='word_1_59' title='bbox 1547 1084 1623 1148; x_wconf 90' lang='lat' dir='ltr'><strong>fit</strong></span> <span class='ocrx_word' id='word_1_60' title='bbox 1651 1084 1828 1168; x_wconf 92' lang='lat' dir='ltr'><strong>quod</strong></span> <span class='ocrx_word' id='word_1_61' title='bbox 1867 1084 2155 1167; x_wconf 85' lang='lat' dir='ltr'><strong>imperat.</strong></span> <span class='ocrx_word' id='word_1_62' title='bbox 2246 1084 2375 1148; x_wconf 84' lang='lat' dir='ltr'><strong>Sed</strong></span> 
     </span>
     <span class='ocr_line' id='line_1_8' title="bbox 153 1186 2377 1270; baseline 0 -23"><span class='ocrx_word' id='word_1_63' title='bbox 153 1206 294 1247; x_wconf 89' lang='lat' dir='ltr'><strong>non</strong></span> <span class='ocrx_word' id='word_1_64' title='bbox 325 1206 414 1248; x_wconf 83' lang='lat' dir='ltr'><strong>ex</strong></span> <span class='ocrx_word' id='word_1_65' title='bbox 441 1193 580 1249; x_wconf 87' lang='lat' dir='ltr'><strong>toto</strong></span> <span class='ocrx_word' id='word_1_66' title='bbox 608 1188 782 1263; x_wconf 83' lang='lat' dir='ltr'><strong>vult3</strong></span> <span class='ocrx_word' id='word_1_67' title='bbox 825 1207 958 1249; x_wconf 87' lang='lat' dir='ltr'><strong>non</strong></span> <span class='ocrx_word' id='word_1_68' title='bbox 995 1208 1147 1269; x_wconf 88' lang='lat' dir='ltr'><strong>ergo</strong></span> <span class='ocrx_word' id='word_1_69' title='bbox 1177 1208 1262 1251; x_wconf 88' lang='lat' dir='ltr'><strong>ex</strong></span> <span class='ocrx_word' id='word_1_70' title='bbox 1291 1194 1426 1251; x_wconf 89' lang='lat' dir='ltr'><strong>toto</strong></span> <span class='ocrx_word' id='word_1_71' title='bbox 1469 1187 1757 1270; x_wconf 84' lang='lat' dir='ltr'><strong>imperat.</strong></span> <span class='ocrx_word' id='word_1_72' title='bbox 1847 1188 2018 1249; x_wconf 92' lang='lat' dir='ltr'><strong>Nam</strong></span> <span class='ocrx_word' id='word_1_73' title='bbox 2058 1186 2377 1249; x_wconf 88' lang='lat' dir='ltr'><strong>intantum</strong></span> 
     </span>
     <span class='ocr_line' id='line_1_9' title="bbox 153 1285 2375 1371; baseline 0.002 -24"><span class='ocrx_word' id='word_1_74' title='bbox 153 1285 458 1370; x_wconf 82' lang='lat' dir='ltr'><strong>imperat,</strong></span> <span class='ocrx_word' id='word_1_75' title='bbox 505 1288 888 1371; x_wconf 86' lang='lat' dir='ltr'><strong>inquantum</strong></span> <span class='ocrx_word' id='word_1_76' title='bbox 946 1290 1102 1368; x_wconf 80' lang='lat' dir='ltr'><strong>vult,</strong></span> <span class='ocrx_word' id='word_1_77' title='bbox 1154 1297 1220 1352; x_wconf 89' lang='lat' dir='ltr'><strong>et</strong></span> <span class='ocrx_word' id='word_1_78' title='bbox 1261 1288 1581 1352; x_wconf 88' lang='lat' dir='ltr'><strong>intantum</strong></span> <span class='ocrx_word' id='word_1_79' title='bbox 1638 1309 1769 1350; x_wconf 90' lang='lat' dir='ltr'><strong>non</strong></span> <span class='ocrx_word' id='word_1_80' title='bbox 1819 1286 1895 1351; x_wconf 87' lang='lat' dir='ltr'><strong>fit</strong></span> <span class='ocrx_word' id='word_1_81' title='bbox 1944 1287 2121 1371; x_wconf 91' lang='lat' dir='ltr'><strong>quod</strong></span> <span class='ocrx_word' id='word_1_82' title='bbox 2173 1287 2375 1371; x_wconf 89' lang='lat' dir='ltr'><strong>impe—</strong></span> 
     </span>
     <span class='ocr_line' id='line_1_10' title="bbox 151 1388 2381 1472; baseline 0.001 -23"><span class='ocrx_word' id='word_1_83' title='bbox 151 1396 276 1465; x_wconf 88' lang='lat' dir='ltr'><strong>rat,</strong></span> <span class='ocrx_word' id='word_1_84' title='bbox 321 1388 707 1472; x_wconf 83' lang='lat' dir='ltr'><strong>inquantum</strong></span> <span class='ocrx_word' id='word_1_85' title='bbox 751 1411 884 1452; x_wconf 91' lang='lat' dir='ltr'><strong>non</strong></span> <span class='ocrx_word' id='word_1_86' title='bbox 926 1391 1080 1452; x_wconf 81' lang='lat' dir='ltr'><strong>vult.</strong></span> <span class='ocrx_word' id='word_1_87' title='bbox 1170 1390 1492 1463; x_wconf 78' lang='lat' dir='ltr'><strong>Quoniam</strong></span> <span class='ocrx_word' id='word_1_88' title='bbox 1532 1391 1827 1452; x_wconf 84' lang='lat' dir='ltr'><strong>voluntas</strong></span> <span class='ocrx_word' id='word_1_89' title='bbox 1868 1389 2141 1471; x_wconf 88' lang='lat' dir='ltr'><strong>imperat</strong></span> <span class='ocrx_word' id='word_1_90' title='bbox 2180 1398 2251 1453; x_wconf 89' lang='lat' dir='ltr'><strong>ut</strong></span> <span class='ocrx_word' id='word_1_91' title='bbox 2294 1389 2381 1452; x_wconf 89' lang='lat' dir='ltr'><strong>sit</strong></span> 
     </span>
     <span class='ocr_line' id='line_1_11' title="bbox 153 1486 2376 1574; baseline 0.001 -24"><span class='ocrx_word' id='word_1_92' title='bbox 153 1492 482 1567; x_wconf 75' lang='lat' dir='ltr'><strong>voluntaS,</strong></span> <span class='ocrx_word' id='word_1_93' title='bbox 529 1510 651 1553; x_wconf 84' lang='lat' dir='ltr'><strong>nee</strong></span> <span class='ocrx_word' id='word_1_94' title='bbox 710 1491 838 1554; x_wconf 88' lang='lat' dir='ltr'><strong>alia</strong></span> <span class='ocrx_word' id='word_1_95' title='bbox 894 1489 1009 1555; x_wconf 85' lang='lat' dir='ltr'><strong>sed</strong></span> <span class='ocrx_word' id='word_1_96' title='bbox 1064 1492 1226 1574; x_wconf 84' lang='lat' dir='ltr'><strong>ipsa.</strong></span> <span class='ocrx_word' id='word_1_97' title='bbox 1318 1493 1472 1555; x_wconf 92' lang='lat' dir='ltr'><strong>Non</strong></span> <span class='ocrx_word' id='word_1_98' title='bbox 1526 1490 1745 1573; x_wconf 86' lang='lat' dir='ltr'><strong>itaque</strong></span> <span class='ocrx_word' id='word_1_99' title='bbox 1800 1486 2036 1572; x_wconf 77' lang='lat' dir='ltr'><strong>plena*</strong></span> <span class='ocrx_word' id='word_1_100' title='bbox 2084 1489 2376 1571; x_wconf 88' lang='lat' dir='ltr'><strong>imperat,</strong></span> 
     </span>
     <span class='ocr_line' id='line_1_12' title="bbox 153 1590 2376 1675; baseline 0.001 -23"><span class='ocrx_word' id='word_1_101' title='bbox 153 1590 310 1653; x_wconf 89' lang='lat' dir='ltr'><strong>ideo</strong></span> <span class='ocrx_word' id='word_1_102' title='bbox 367 1612 505 1654; x_wconf 89' lang='lat' dir='ltr'><strong>non</strong></span> <span class='ocrx_word' id='word_1_103' title='bbox 557 1599 658 1654; x_wconf 89' lang='lat' dir='ltr'><strong>est</strong></span> <span class='ocrx_word' id='word_1_104' title='bbox 713 1591 889 1675; x_wconf 87' lang='lat' dir='ltr'><strong>quod</strong></span> <span class='ocrx_word' id='word_1_105' title='bbox 929 1592 1220 1675; x_wconf 84' lang='lat' dir='ltr'><strong>imperat.</strong></span> <span class='ocrx_word' id='word_1_106' title='bbox 1311 1594 1484 1655; x_wconf 82' lang='lat' dir='ltr'><strong>Nam</strong></span> <span class='ocrx_word' id='word_1_107' title='bbox 1527 1592 1582 1653; x_wconf 88' lang='lat' dir='ltr'><strong>si</strong></span> <span class='ocrx_word' id='word_1_108' title='bbox 1624 1593 1821 1674; x_wconf 84' lang='lat' dir='ltr'><strong>plena</strong></span> <span class='ocrx_word' id='word_1_109' title='bbox 1862 1599 2049 1668; x_wconf 87' lang='lat' dir='ltr'><strong>esset,</strong></span> <span class='ocrx_word' id='word_1_110' title='bbox 2090 1610 2211 1653; x_wconf 87' lang='lat' dir='ltr'><strong>nec</strong></span> <span class='ocrx_word' id='word_1_111' title='bbox 2254 1592 2376 1654; x_wconf 90' lang='lat' dir='ltr'><strong>im-</strong></span> 
     </span>
     <span class='ocr_line' id='line_1_13' title="bbox 149 1692 2375 1776; baseline 0 -22"><span class='ocrx_word' id='word_1_112' title='bbox 149 1700 414 1775; x_wconf 85' lang='lat' dir='ltr'><strong>peraret</strong></span> <span class='ocrx_word' id='word_1_113' title='bbox 440 1699 514 1755; x_wconf 89' lang='lat' dir='ltr'><strong>ut</strong></span> <span class='ocrx_word' id='word_1_114' title='bbox 540 1700 730 1770; x_wconf 86' lang='lat' dir='ltr'><strong>esset,</strong></span> <span class='ocrx_word' id='word_1_115' title='bbox 760 1693 914 1776; x_wconf 89' lang='lat' dir='ltr'><strong>quia</strong></span> <span class='ocrx_word' id='word_1_116' title='bbox 931 1692 1069 1776; x_wconf 87' lang='lat' dir='ltr'><strong>jam</strong></span> <span class='ocrx_word' id='word_1_117' title='bbox 1098 1701 1284 1757; x_wconf 87' lang='lat' dir='ltr'><strong>esset.</strong></span> <span class='ocrx_word' id='word_1_118' title='bbox 1362 1695 1515 1756; x_wconf 90' lang='lat' dir='ltr'><strong>Non</strong></span> <span class='ocrx_word' id='word_1_119' title='bbox 1544 1693 1741 1773; x_wconf 86' lang='lat' dir='ltr'><strong>igitur</strong></span> <span class='ocrx_word' id='word_1_120' title='bbox 1766 1698 2118 1755; x_wconf 86' lang='lat' dir='ltr'><strong>monstrum</strong></span> <span class='ocrx_word' id='word_1_121' title='bbox 2143 1692 2375 1775; x_wconf 86' lang='lat' dir='ltr'><strong>partim</strong></span> 
     </span>
     <span class='ocr_line' id='line_1_14' title="bbox 149 1794 2377 1879; baseline 0.001 -24"><span class='ocrx_word' id='word_1_122' title='bbox 149 1795 348 1871; x_wconf 82' lang='lat' dir='ltr'><strong>velle,</strong></span> <span class='ocrx_word' id='word_1_123' title='bbox 391 1795 626 1879; x_wconf 87' lang='lat' dir='ltr'><strong>partim</strong></span> <span class='ocrx_word' id='word_1_124' title='bbox 669 1797 864 1874; x_wconf 91' lang='lat' dir='ltr'><strong>nolle,</strong></span> <span class='ocrx_word' id='word_1_125' title='bbox 911 1795 1024 1858; x_wconf 92' lang='lat' dir='ltr'><strong>sed</strong></span> <span class='ocrx_word' id='word_1_126' title='bbox 1071 1796 1383 1879; x_wconf 87' lang='lat' dir='ltr'><strong>aegritudo</strong></span> <span class='ocrx_word' id='word_1_127' title='bbox 1428 1796 1625 1859; x_wconf 83' lang='lat' dir='ltr'><strong>animi</strong></span> <span class='ocrx_word' id='word_1_128' title='bbox 1668 1802 1786 1873; x_wconf 87' lang='lat' dir='ltr'><strong>est,</strong></span> <span class='ocrx_word' id='word_1_129' title='bbox 1832 1794 1987 1878; x_wconf 87' lang='lat' dir='ltr'><strong>quia</strong></span> <span class='ocrx_word' id='word_1_130' title='bbox 2026 1816 2160 1858; x_wconf 91' lang='lat' dir='ltr'><strong>non</strong></span> <span class='ocrx_word' id='word_1_131' title='bbox 2202 1800 2377 1858; x_wconf 87' lang='lat' dir='ltr'><strong>totus</strong></span> 
     </span>
     <span class='ocr_line' id='line_1_15' title="bbox 153 1896 2377 1979; baseline 0 -22"><span class='ocrx_word' id='word_1_132' title='bbox 153 1897 459 1977; x_wconf 83' lang='lat' dir='ltr'><strong>assurgit,</strong></span> <span class='ocrx_word' id='word_1_133' title='bbox 504 1897 764 1960; x_wconf 78' lang='lat' dir='ltr'><strong>veritate</strong></span> <span class='ocrx_word' id='word_1_134' title='bbox 807 1900 1196 1975; x_wconf 78' lang='lat' dir='ltr'><strong>sublevatUS,</strong></span> <span class='ocrx_word' id='word_1_135' title='bbox 1236 1896 1699 1962; x_wconf 85' lang='lat' dir='ltr'><strong>consuetudine</strong></span> <span class='ocrx_word' id='word_1_136' title='bbox 1748 1904 2195 1979; x_wconf 85' lang='lat' dir='ltr'><strong>praegravatus.</strong></span> <span class='ocrx_word' id='word_1_137' title='bbox 2285 1897 2377 1958; x_wconf 89' lang='lat' dir='ltr'><strong>Et</strong></span> 
     </span>
     <span class='ocr_line' id='line_1_16' title="bbox 151 1995 2373 2082; baseline 0.001 -27"><span class='ocrx_word' id='word_1_138' title='bbox 151 1995 308 2059; x_wconf 89' lang='lat' dir='ltr'><strong>ideo</strong></span> <span class='ocrx_word' id='word_1_139' title='bbox 339 2004 490 2059; x_wconf 88' lang='lat' dir='ltr'><strong>sunt</strong></span> <span class='ocrx_word' id='word_1_140' title='bbox 517 1996 662 2061; x_wconf 83' lang='lat' dir='ltr'><strong>duae</strong></span> <span class='ocrx_word' id='word_1_141' title='bbox 692 1999 1071 2076; x_wconf 83' lang='lat' dir='ltr'><strong>voluntateS,</strong></span> <span class='ocrx_word' id='word_1_142' title='bbox 1101 1998 1256 2082; x_wconf 89' lang='lat' dir='ltr'><strong>quia</strong></span> <span class='ocrx_word' id='word_1_143' title='bbox 1281 2018 1414 2061; x_wconf 89' lang='lat' dir='ltr'><strong>una</strong></span> <span class='ocrx_word' id='word_1_144' title='bbox 1439 2018 1656 2060; x_wconf 88' lang='lat' dir='ltr'><strong>earum</strong></span> <span class='ocrx_word' id='word_1_145' title='bbox 1684 2001 1821 2059; x_wconf 80' lang='lat' dir='ltr'><strong>tota</strong></span> <span class='ocrx_word' id='word_1_146' title='bbox 1844 2014 1979 2059; x_wconf 89' lang='lat' dir='ltr'><strong>non</strong></span> <span class='ocrx_word' id='word_1_147' title='bbox 2008 2003 2127 2075; x_wconf 88' lang='lat' dir='ltr'><strong>est,</strong></span> <span class='ocrx_word' id='word_1_148' title='bbox 2154 2004 2221 2058; x_wconf 91' lang='lat' dir='ltr'><strong>et</strong></span> <span class='ocrx_word' id='word_1_149' title='bbox 2246 1997 2373 2058; x_wconf 84' lang='lat' dir='ltr'><strong>hoe</strong></span> 
     </span>
     <span class='ocr_line' id='line_1_17' title="bbox 156 2095 1196 2183; baseline 0.002 -24"><span class='ocrx_word' id='word_1_150' title='bbox 156 2095 348 2161; x_wconf 91' lang='lat' dir='ltr'><strong>adest</strong></span> <span class='ocrx_word' id='word_1_151' title='bbox 375 2098 556 2161; x_wconf 87' lang='lat' dir='ltr'><strong>alteri</strong></span> <span class='ocrx_word' id='word_1_152' title='bbox 586 2098 762 2183; x_wconf 88' lang='lat' dir='ltr'><strong>quod</strong></span> <span class='ocrx_word' id='word_1_153' title='bbox 792 2099 970 2162; x_wconf 86' lang='lat' dir='ltr'><strong>deest</strong></span> <span class='ocrx_word' id='word_1_154' title='bbox 997 2100 1196 2163; x_wconf 83' lang='lat' dir='ltr'><strong>alteri.</strong></span> 
     </span>
    </p>

    <p class='ocr_par' dir='ltr' id='par_1_3' title="bbox 154 2198 2601 2787">
     <span class='ocr_line' id='line_1_18' title="bbox 243 2198 2532 2282; baseline 0 -23"><span class='ocrx_word' id='word_1_155' title='bbox 243 2202 352 2259; x_wconf 74' lang='lat'><strong>22.</strong></span> <span class='ocrx_word' id='word_1_156' title='bbox 399 2200 688 2263; x_wconf 67' lang='lat' dir='ltr'><strong>Pei-eant</strong></span> <span class='ocrx_word' id='word_1_157' title='bbox 716 2222 760 2263; x_wconf 90' lang='lat' dir='ltr'><strong>a</strong></span> <span class='ocrx_word' id='word_1_158' title='bbox 766 2201 959 2282; x_wconf 86' lang='lat' dir='ltr'><strong>facie</strong></span> <span class='ocrx_word' id='word_1_159' title='bbox 990 2209 1129 2277; x_wconf 86' lang='lat' dir='ltr'><strong>tua,</strong></span> <span class='ocrx_word' id='word_1_160' title='bbox 1169 2201 1388 2277; x_wconf 82' lang='lat' dir='ltr'><strong>Deus,</strong></span> <span class='ocrx_word' id='word_1_161' title='bbox 1407 2198 1597 2263; x_wconf 85' lang='lat' dir='ltr'><strong>sicuti</strong></span> <span class='ocrx_word' id='word_1_162' title='bbox 1635 2206 1906 2281; x_wconf 84' lang='lat' dir='ltr'><strong>pereunt</strong></span> <span class='ocrx_word' id='word_1_163' title='bbox 1942 2199 2271 2280; x_wconf 75' lang='lat' dir='ltr'><strong>vaniloqui</strong></span> <span class='ocrx_word' id='word_1_164' title='bbox 2306 2206 2372 2260; x_wconf 86' lang='lat' dir='ltr'><strong>et</strong></span> <span class='ocrx_word' id='word_1_165' title='bbox 2468 2211 2532 2259; x_wconf 84' lang='lat' dir='ltr'><strong>x.</strong></span> 
     </span>
     <span class='ocr_line' id='line_1_19' title="bbox 154 2274 2601 2387; baseline 0.001 -28"><span class='ocrx_word' id='word_1_166' title='bbox 154 2299 396 2362; x_wconf 89' lang='lat' dir='ltr'><strong>mentis</strong></span> <span class='ocrx_word' id='word_1_167' title='bbox 443 2302 828 2379; x_wconf 63' lang='lat' dir='ltr'><strong>seductores,</strong></span> <span class='ocrx_word' id='word_1_168' title='bbox 877 2302 991 2385; x_wconf 89' lang='lat' dir='ltr'><strong>qui</strong></span> <span class='ocrx_word' id='word_1_169' title='bbox 1036 2324 1184 2365; x_wconf 90' lang='lat' dir='ltr'><strong>cum</strong></span> <span class='ocrx_word' id='word_1_170' title='bbox 1229 2301 1388 2365; x_wconf 89' lang='lat' dir='ltr'><strong>duas</strong></span> <span class='ocrx_word' id='word_1_171' title='bbox 1437 2301 1801 2364; x_wconf 86' lang='lat' dir='ltr'><strong>voluntates</strong></span> <span class='ocrx_word' id='word_1_172' title='bbox 1844 2299 1913 2363; x_wconf 93' lang='lat' dir='ltr'><strong>in</strong></span> <span class='ocrx_word' id='word_1_173' title='bbox 1960 2298 2370 2363; x_wconf 83' lang='lat' dir='ltr'><strong>deliberando</strong></span> <span class='ocrx_word' id='word_1_174' title='bbox 2386 2274 2601 2387; x_wconf 52' lang='lat' dir='ltr'><strong>ssffffg,</strong></span> 
     </span>
     <span class='ocr_line' id='line_1_20' title="bbox 163 2399 2593 2479; baseline 0 -18"><span class='ocrx_word' id='word_1_175' title='bbox 163 2399 749 2479; x_wconf 86' lang='lat' dir='ltr'><strong>animadverterint,</strong></span> <span class='ocrx_word' id='word_1_176' title='bbox 801 2402 960 2466; x_wconf 90' lang='lat' dir='ltr'><strong>duas</strong></span> <span class='ocrx_word' id='word_1_177' title='bbox 1011 2410 1268 2466; x_wconf 79' lang='lat' dir='ltr'><strong>naturas</strong></span> <span class='ocrx_word' id='word_1_178' title='bbox 1328 2401 1595 2465; x_wconf 83' lang='lat' dir='ltr'><strong>duarum</strong></span> <span class='ocrx_word' id='word_1_179' title='bbox 1652 2401 1961 2465; x_wconf 85' lang='lat' dir='ltr'><strong>mentium</strong></span> <span class='ocrx_word' id='word_1_180' title='bbox 2010 2420 2149 2463; x_wconf 89' lang='lat' dir='ltr'><strong>esse</strong></span> <span class='ocrx_word' id='word_1_181' title='bbox 2199 2418 2370 2462; x_wconf 85' lang='lat' dir='ltr'><strong>asse-</strong></span> <span class='ocrx_word' id='word_1_182' title='bbox 2387 2402 2593 2477; x_wconf 69' lang='lat' dir='ltr'><strong>niqhaeos</strong></span> 
     </span>
     <span class='ocr_line' id='line_1_21' title="bbox 158 2482 2572 2585; baseline 0 -24"><span class='ocrx_word' id='word_1_183' title='bbox 158 2509 405 2579; x_wconf 86' lang='lat' dir='ltr'><strong>verant,</strong></span> <span class='ocrx_word' id='word_1_184' title='bbox 436 2523 631 2565; x_wconf 90' lang='lat' dir='ltr'><strong>unam</strong></span> <span class='ocrx_word' id='word_1_185' title='bbox 672 2506 930 2583; x_wconf 89' lang='lat' dir='ltr'><strong>bonam,</strong></span> <span class='ocrx_word' id='word_1_186' title='bbox 962 2504 1223 2567; x_wconf 87' lang='lat' dir='ltr'><strong>alteram</strong></span> <span class='ocrx_word' id='word_1_187' title='bbox 1252 2504 1506 2565; x_wconf 88' lang='lat' dir='ltr'><strong>malam.</strong></span> <span class='ocrx_word' id='word_1_188' title='bbox 1598 2502 1737 2585; x_wconf 89' lang='lat' dir='ltr'><strong>Ipsi</strong></span> <span class='ocrx_word' id='word_1_189' title='bbox 1782 2499 1968 2565; x_wconf 77' lang='lat' dir='ltr'><strong>vere*</strong></span> <span class='ocrx_word' id='word_1_190' title='bbox 2005 2500 2160 2563; x_wconf 87' lang='lat' dir='ltr'><strong>mali</strong></span> <span class='ocrx_word' id='word_1_191' title='bbox 2202 2506 2370 2576; x_wconf 88' lang='lat' dir='ltr'><strong>sunt,</strong></span> <span class='ocrx_word' id='word_1_192' title='bbox 2386 2482 2572 2582; x_wconf 53' lang='grc' dir='ltr'><strong>ἓξᾏζξ,</strong></span> 
     </span>
     <span class='ocr_line' id='line_1_22' title="bbox 159 2602 2571 2710; baseline 0 -47"><span class='ocrx_word' id='word_1_193' title='bbox 159 2620 314 2663; x_wconf 88' lang='lat' dir='ltr'><strong>eum</strong></span> <span class='ocrx_word' id='word_1_194' title='bbox 341 2602 469 2667; x_wconf 89' lang='lat' dir='ltr'><strong>ista</strong></span> <span class='ocrx_word' id='word_1_195' title='bbox 494 2604 666 2667; x_wconf 83' lang='lat' dir='ltr'><strong>mala</strong></span> <span class='ocrx_word' id='word_1_196' title='bbox 694 2604 996 2682; x_wconf 89' lang='lat' dir='ltr'><strong>sentiunt,</strong></span> <span class='ocrx_word' id='word_1_197' title='bbox 1026 2613 1092 2667; x_wconf 88' lang='lat' dir='ltr'><strong>et</strong></span> <span class='ocrx_word' id='word_1_198' title='bbox 1115 2604 1312 2667; x_wconf 90' lang='lat' dir='ltr'><strong>iidem</strong></span> <span class='ocrx_word' id='word_1_199' title='bbox 1341 2603 1470 2687; x_wconf 90' lang='lat' dir='ltr'><strong>ipsi</strong></span> <span class='ocrx_word' id='word_1_200' title='bbox 1496 2603 1655 2666; x_wconf 88' lang='lat' dir='ltr'><strong>boni</strong></span> <span class='ocrx_word' id='word_1_201' title='bbox 1683 2610 1867 2698; x_wconf 84' lang='lat' dir='ltr'><strong>erunt</strong></span> <span class='ocrx_word' id='word_1_202' title='bbox 1896 2603 1951 2665; x_wconf 92' lang='lat' dir='ltr'><strong>si</strong></span> <span class='ocrx_word' id='word_1_203' title='bbox 1980 2622 2131 2664; x_wconf 88' lang='lat' dir='ltr'><strong>vera</strong></span> <span class='ocrx_word' id='word_1_204' title='bbox 2158 2621 2368 2664; x_wconf 85' lang='lat' dir='ltr'><strong>sense·</strong></span> <span class='ocrx_word' id='word_1_205' title='bbox 2385 2604 2571 2710; x_wconf 41' lang='lat'><strong>2333:</strong></span> 
     </span>
     <span class='ocr_line' id='line_1_23' title="bbox 155 2702 2578 2787; baseline 0 -24"><span class='ocrx_word' id='word_1_206' title='bbox 155 2702 307 2778; x_wconf 87' lang='lat' dir='ltr'><strong>rint,</strong></span> <span class='ocrx_word' id='word_1_207' title='bbox 364 2703 658 2786; x_wconf 85' lang='lat' dir='ltr'><strong>verisque</strong></span> <span class='ocrx_word' id='word_1_208' title='bbox 728 2705 1187 2781; x_wconf 86' lang='lat' dir='ltr'><strong>consenserint,</strong></span> <span class='ocrx_word' id='word_1_209' title='bbox 1242 2712 1318 2767; x_wconf 90' lang='lat' dir='ltr'><strong>ut</strong></span> <span class='ocrx_word' id='word_1_210' title='bbox 1374 2702 1549 2766; x_wconf 88' lang='lat' dir='ltr'><strong>dicat</strong></span> <span class='ocrx_word' id='word_1_211' title='bbox 1604 2704 1699 2767; x_wconf 87' lang='lat' dir='ltr'><strong>eis</strong></span> <span class='ocrx_word' id='word_1_212' title='bbox 1755 2704 2103 2787; x_wconf 84' lang='lat' dir='ltr'><strong>Apostolus</strong></span> <span class='ocrx_word' id='word_1_213' title='bbox 2172 2710 2321 2765; x_wconf 85' lang='lat' dir='ltr'><strong>tuus</strong></span> <span class='ocrx_word' id='word_1_214' title='bbox 2352 2723 2578 2774; x_wconf 56' lang='lat' dir='ltr'><strong>:luxatam</strong></span> 
     </span>
    </p>
   </div>
   <div class='ocr_carea' id='block_1_3' title="bbox 159 2789 2606 2902">
    <p class='ocr_par' dir='ltr' id='par_1_4' title="bbox 159 2789 2606 2902">
     <span class='ocr_line' id='line_1_24' title="bbox 159 2789 2606 2902; baseline 0.002 -38"><span class='ocrx_word' id='word_1_215' title='bbox 159 2803 410 2866; x_wconf 67' lang='lat' dir='ltr'><strong>Fui-stis</strong></span> <span class='ocrx_word' id='word_1_216' title='bbox 434 2806 788 2887; x_wconf 74' lang='lat' dir='ltr'><strong>aliquando</strong></span> <span class='ocrx_word' id='word_1_217' title='bbox 819 2804 1087 2868; x_wconf 76' lang='lat' dir='ltr'><strong>tenebrae</strong></span> <span class='ocrx_word' id='word_1_218' title='bbox 1099 2830 1122 2874; x_wconf 91' lang='lat'><strong>‚·</strong></span> <span class='ocrx_word' id='word_1_219' title='bbox 1169 2824 1345 2867; x_wconf 79' lang='lat' dir='ltr'><strong>nunc</strong></span> <span class='ocrx_word' id='word_1_220' title='bbox 1373 2812 1595 2867; x_wconf 87' lang='lat' dir='ltr'><strong>autem</strong></span> <span class='ocrx_word' id='word_1_221' title='bbox 1624 2806 1745 2867; x_wconf 77' lang='lat' dir='ltr'><strong>lua·</strong></span> <span class='ocrx_word' id='word_1_222' title='bbox 1772 2807 1844 2867; x_wconf 89' lang='lat' dir='ltr'><strong>in</strong></span> <span class='ocrx_word' id='word_1_223' title='bbox 1874 2806 2171 2867; x_wconf 71' lang='lat' dir='ltr'><strong>Domina</strong></span> <span class='ocrx_word' id='word_1_224' title='bbox 2260 2802 2369 2865; x_wconf 88' lang='lat' dir='ltr'><strong>Illi</strong></span> <span class='ocrx_word' id='word_1_225' title='bbox 2384 2789 2606 2902; x_wconf 51' lang='grc' dir='ltr'><strong>ξξξξξξ·</strong></span> 
     </span>
    </p>
   </div>
   <div class='ocr_carea' id='block_1_4' title="bbox 158 2905 2610 3096">
    <p class='ocr_par' dir='ltr' id='par_1_5' title="bbox 158 2905 2610 3096">
     <span class='ocr_line' id='line_1_25' title="bbox 158 2905 2582 2989; baseline -0.001 -20"><span class='ocrx_word' id='word_1_226' title='bbox 158 2907 332 2969; x_wconf 87' lang='lat' dir='ltr'><strong>enim</strong></span> <span class='ocrx_word' id='word_1_227' title='bbox 380 2905 534 2970; x_wconf 90' lang='lat' dir='ltr'><strong>dum</strong></span> <span class='ocrx_word' id='word_1_228' title='bbox 577 2909 803 2972; x_wconf 67' lang='lat' dir='ltr'><strong>volunt</strong></span> <span class='ocrx_word' id='word_1_229' title='bbox 846 2930 986 2971; x_wconf 85' lang='lat' dir='ltr'><strong>esse</strong></span> <span class='ocrx_word' id='word_1_230' title='bbox 1033 2910 1172 2986; x_wconf 85' lang='lat' dir='ltr'><strong>lux,</strong></span> <span class='ocrx_word' id='word_1_231' title='bbox 1209 2930 1343 2971; x_wconf 91' lang='lat' dir='ltr'><strong>non</strong></span> <span class='ocrx_word' id='word_1_232' title='bbox 1385 2910 1456 2970; x_wconf 90' lang='lat' dir='ltr'><strong>in</strong></span> <span class='ocrx_word' id='word_1_233' title='bbox 1503 2908 1808 2985; x_wconf 91' lang='lat' dir='ltr'><strong>Domino,</strong></span> <span class='ocrx_word' id='word_1_234' title='bbox 1849 2907 1964 2971; x_wconf 91' lang='lat' dir='ltr'><strong>sed</strong></span> <span class='ocrx_word' id='word_1_235' title='bbox 2008 2907 2078 2969; x_wconf 91' lang='lat' dir='ltr'><strong>in</strong></span> <span class='ocrx_word' id='word_1_236' title='bbox 2117 2906 2367 2989; x_wconf 84' lang='lat' dir='ltr'><strong>seipsis,</strong></span> <span class='ocrx_word' id='word_1_237' title='bbox 2383 2918 2475 2966; x_wconf 73' lang='lat' dir='ltr'><strong>rias</strong></span> <span class='ocrx_word' id='word_1_238' title='bbox 2496 2935 2582 2967; x_wconf 83' lang='lat' dir='ltr'><strong>na-</strong></span> 
     </span>
     <span class='ocr_line' id='line_1_26' title="bbox 159 2990 2610 3096; baseline 0 -26"><span class='ocrx_word' id='word_1_239' title='bbox 159 3008 449 3090; x_wconf 83' lang='lat' dir='ltr'><strong>putando</strong></span> <span class='ocrx_word' id='word_1_240' title='bbox 495 3009 722 3072; x_wconf 84' lang='lat' dir='ltr'><strong>animae</strong></span> <span class='ocrx_word' id='word_1_241' title='bbox 765 3018 1057 3073; x_wconf 89' lang='lat' dir='ltr'><strong>naturam</strong></span> <span class='ocrx_word' id='word_1_242' title='bbox 1098 3011 1223 3074; x_wconf 89' lang='lat' dir='ltr'><strong>hoc</strong></span> <span class='ocrx_word' id='word_1_243' title='bbox 1269 3031 1408 3073; x_wconf 86' lang='lat' dir='ltr'><strong>esse</strong></span> <span class='ocrx_word' id='word_1_244' title='bbox 1454 3008 1632 3093; x_wconf 89' lang='lat' dir='ltr'><strong>quod</strong></span> <span class='ocrx_word' id='word_1_245' title='bbox 1675 3009 1856 3071; x_wconf 91' lang='lat' dir='ltr'><strong>Deus</strong></span> <span class='ocrx_word' id='word_1_246' title='bbox 1898 3014 2047 3086; x_wconf 59' lang='grc' dir='ltr'>θεῖ’,</span> <span class='ocrx_word' id='word_1_247' title='bbox 2078 3008 2171 3070; x_wconf 86' lang='lat' dir='ltr'><strong>ita</strong></span> <span class='ocrx_word' id='word_1_248' title='bbox 2212 3007 2365 3071; x_wconf 86' lang='lat' dir='ltr'><strong>sacti</strong></span> <span class='ocrx_word' id='word_1_249' title='bbox 2379 2990 2610 3096; x_wconf 49' lang='lat' dir='ltr'><strong>22:223st</strong></span> 
     </span>
    </p>
   </div>
   <div class='ocr_carea' id='block_1_5' title="bbox 158 3109 2597 4101">
    <p class='ocr_par' dir='ltr' id='par_1_6' title="bbox 158 3109 2597 4005">
     <span class='ocr_line' id='line_1_27' title="bbox 161 3109 2597 3223; baseline 0 -53"><span class='ocrx_word' id='word_1_250' title='bbox 161 3116 312 3171; x_wconf 87' lang='lat' dir='ltr'><strong>sunt</strong></span> <span class='ocrx_word' id='word_1_251' title='bbox 358 3109 686 3174; x_wconf 87' lang='lat' dir='ltr'><strong>densiores</strong></span> <span class='ocrx_word' id='word_1_252' title='bbox 734 3114 1049 3185; x_wconf 87' lang='lat' dir='ltr'><strong>tenebrae;</strong></span> <span class='ocrx_word' id='word_1_253' title='bbox 1117 3113 1420 3196; x_wconf 89' lang='lat' dir='ltr'><strong>quoniam</strong></span> <span class='ocrx_word' id='word_1_254' title='bbox 1477 3114 1727 3192; x_wconf 72' lang='lat' dir='ltr'><strong>lonqius</strong></span> <span class='ocrx_word' id='word_1_255' title='bbox 1771 3132 1817 3173; x_wconf 90' lang='lat' dir='ltr'><strong>a</strong></span> <span class='ocrx_word' id='word_1_256' title='bbox 1861 3118 1925 3172; x_wconf 88' lang='lat' dir='ltr'><strong>te</strong></span> <span class='ocrx_word' id='word_1_257' title='bbox 1971 3118 2365 3173; x_wconf 73' lang='lat' dir='ltr'><strong>recesserunt</strong></span> <span class='ocrx_word' id='word_1_258' title='bbox 2380 3110 2597 3223; x_wconf 55' lang='grc' dir='ltr'><strong>,Ιιῖῗέδζῶ-</strong></span> 
     </span>
     <span class='ocr_line' id='line_1_28' title="bbox 158 3209 2552 3294; baseline -0 -21"><span class='ocrx_word' id='word_1_259' title='bbox 158 3212 476 3276; x_wconf 87' lang='lat' dir='ltr'><strong>horrenda</strong></span> <span class='ocrx_word' id='word_1_260' title='bbox 532 3215 911 3294; x_wconf 85' lang='lat' dir='ltr'><strong>arrogantia,</strong></span> <span class='ocrx_word' id='word_1_261' title='bbox 958 3236 998 3277; x_wconf 87' lang='lat' dir='ltr'><strong>a</strong></span> <span class='ocrx_word' id='word_1_262' title='bbox 1047 3222 1110 3279; x_wconf 85' lang='lat' dir='ltr'><strong>te</strong></span> <span class='ocrx_word' id='word_1_263' title='bbox 1154 3237 1304 3279; x_wconf 83' lang='lat' dir='ltr'><strong>vero</strong></span> <span class='ocrx_word' id='word_1_264' title='bbox 1353 3215 1599 3277; x_wconf 84' lang='lat' dir='ltr'><strong>lumine</strong></span> <span class='ocrx_word' id='word_1_265' title='bbox 1647 3215 2064 3276; x_wconf 77' lang='lat' dir='ltr'><strong>illuminante</strong></span> <span class='ocrx_word' id='word_1_266' title='bbox 2118 3230 2365 3273; x_wconf 89' lang='lat' dir='ltr'><strong>omnem</strong></span> <span class='ocrx_word' id='word_1_267' title='bbox 2389 3209 2481 3288; x_wconf 54' lang='grc' dir='ltr'><strong>ιο]</strong></span> <span class='ocrx_word' id='word_1_268' title='bbox 2536 3212 2552 3233; x_wconf 86' lang='grc'><strong><em>’</em></strong></span> 
     </span>
     <span class='ocr_line' id='line_1_29' title="bbox 159 3304 2577 3417; baseline -0.002 -42"><span class='ocrx_word' id='word_1_269' title='bbox 159 3314 480 3377; x_wconf 78' lang='lat' dir='ltr'><strong>hominem</strong></span> <span class='ocrx_word' id='word_1_270' title='bbox 509 3318 867 3378; x_wconf 82' lang='lat' dir='ltr'><strong>venientem</strong></span> <span class='ocrx_word' id='word_1_271' title='bbox 896 3316 970 3377; x_wconf 85' lang='lat' dir='ltr'><strong>in</strong></span> <span class='ocrx_word' id='word_1_272' title='bbox 997 3318 1170 3379; x_wconf 78' lang='lat' dir='ltr'><strong>hunc</strong></span> <span class='ocrx_word' id='word_1_273' title='bbox 1206 3316 1544 3377; x_wconf 84' lang='lat' dir='ltr'><strong>mundum.</strong></span> <span class='ocrx_word' id='word_1_274' title='bbox 1633 3313 1960 3377; x_wconf 88' lang='lat' dir='ltr'><strong>Attendite</strong></span> <span class='ocrx_word' id='word_1_275' title='bbox 2002 3311 2158 3395; x_wconf 88' lang='lat' dir='ltr'><strong>quid</strong></span> <span class='ocrx_word' id='word_1_276' title='bbox 2193 3311 2367 3375; x_wconf 87' lang='lat' dir='ltr'><strong>dica·</strong></span> <span class='ocrx_word' id='word_1_277' title='bbox 2385 3304 2509 3417; x_wconf 54' lang='lat'><strong>{1²¹²-</strong></span> <span class='ocrx_word' id='word_1_278' title='bbox 2529 3307 2577 3363; x_wconf 89' lang='lat'><strong>5,</strong></span> 
     </span>
     <span class='ocr_line' id='line_1_30' title="bbox 159 3414 2573 3493; baseline 0.002 -16"><span class='ocrx_word' id='word_1_279' title='bbox 159 3416 264 3493; x_wconf 83' lang='lat' dir='ltr'><strong>tis,</strong></span> <span class='ocrx_word' id='word_1_280' title='bbox 311 3423 380 3477; x_wconf 87' lang='lat' dir='ltr'><strong>et</strong></span> <span class='ocrx_word' id='word_1_281' title='bbox 429 3417 807 3493; x_wconf 75' lang='lat' dir='ltr'><strong>erubescite,</strong></span> <span class='ocrx_word' id='word_1_282' title='bbox 857 3425 924 3481; x_wconf 91' lang='lat' dir='ltr'><strong>et</strong></span> <span class='ocrx_word' id='word_1_283' title='bbox 970 3418 1260 3481; x_wconf 76' lang='lat' dir='ltr'><strong>accedite</strong></span> <span class='ocrx_word' id='word_1_284' title='bbox 1314 3418 1408 3479; x_wconf 80' lang='lat' dir='ltr'><strong>ad</strong></span> <span class='ocrx_word' id='word_1_285' title='bbox 1461 3434 1610 3479; x_wconf 85' lang='lat' dir='ltr'><strong>eum</strong></span> <span class='ocrx_word' id='word_1_286' title='bbox 1656 3423 1721 3478; x_wconf 81' lang='lat' dir='ltr'><strong>et</strong></span> <span class='ocrx_word' id='word_1_287' title='bbox 1764 3414 2259 3491; x_wconf 80' lang='lat' dir='ltr'><strong>illuminamini,</strong></span> <span class='ocrx_word' id='word_1_288' title='bbox 2305 3419 2372 3475; x_wconf 87' lang='lat' dir='ltr'><strong>et</strong></span> <span class='ocrx_word' id='word_1_289' title='bbox 2386 3432 2498 3482; x_wconf 84' lang='lat' dir='ltr'><strong>Joh.</strong></span> <span class='ocrx_word' id='word_1_290' title='bbox 2526 3436 2573 3493; x_wconf 84' lang='grc' dir='ltr'><strong>ι,</strong></span> 
     </span>
     <span class='ocr_line' id='line_1_31' title="bbox 159 3498 2571 3619; baseline -0 -42"><span class='ocrx_word' id='word_1_291' title='bbox 159 3518 378 3578; x_wconf 77' lang='lat' dir='ltr'><strong>vultus</strong></span> <span class='ocrx_word' id='word_1_292' title='bbox 414 3520 611 3580; x_wconf 71' lang='lat' dir='ltr'><strong>vestri</strong></span> <span class='ocrx_word' id='word_1_293' title='bbox 636 3540 764 3581; x_wconf 84' lang='lat' dir='ltr'><strong>non</strong></span> <span class='ocrx_word' id='word_1_294' title='bbox 792 3518 1179 3582; x_wconf 69' lang='lat' dir='ltr'><strong>erubescent.</strong></span> <span class='ocrx_word' id='word_1_295' title='bbox 1266 3520 1416 3599; x_wconf 85' lang='lat' dir='ltr'><strong>Ego</strong></span> <span class='ocrx_word' id='word_1_296' title='bbox 1461 3539 1611 3580; x_wconf 84' lang='lat' dir='ltr'><strong>eum</strong></span> <span class='ocrx_word' id='word_1_297' title='bbox 1655 3517 2087 3580; x_wconf 85' lang='lat' dir='ltr'><strong>deliberabam</strong></span> <span class='ocrx_word' id='word_1_298' title='bbox 2128 3523 2201 3578; x_wconf 90' lang='lat' dir='ltr'><strong>ut</strong></span> <span class='ocrx_word' id='word_1_299' title='bbox 2231 3512 2371 3598; x_wconf 89' lang='lat' dir='ltr'><strong>jam</strong></span> <span class='ocrx_word' id='word_1_300' title='bbox 2385 3498 2469 3610; x_wconf 42' lang='grc' dir='ltr'><strong><em>εἷς..</em></strong></span> <span class='ocrx_word' id='word_1_301' title='bbox 2490 3564 2571 3619; x_wconf 79' lang='lat'><strong>33,</strong></span> 
     </span>
     <span class='ocr_line' id='line_1_32' title="bbox 163 3616 2433 3703; baseline 0 -25"><span class='ocrx_word' id='word_1_302' title='bbox 163 3616 458 3680; x_wconf 82' lang='lat' dir='ltr'><strong>servirem</strong></span> <span class='ocrx_word' id='word_1_303' title='bbox 491 3619 776 3682; x_wconf 90' lang='lat' dir='ltr'><strong>Domino</strong></span> <span class='ocrx_word' id='word_1_304' title='bbox 807 3619 955 3690; x_wconf 90' lang='lat' dir='ltr'><strong>Deo</strong></span> <span class='ocrx_word' id='word_1_305' title='bbox 994 3641 1160 3698; x_wconf 90' lang='lat' dir='ltr'><strong>me0,</strong></span> <span class='ocrx_word' id='word_1_306' title='bbox 1191 3619 1357 3682; x_wconf 87' lang='lat' dir='ltr'><strong>sicut</strong></span> <span class='ocrx_word' id='word_1_307' title='bbox 1397 3619 1519 3682; x_wconf 47' lang='lat' dir='ltr'><strong>diu.</strong></span> <span class='ocrx_word' id='word_1_308' title='bbox 1550 3618 2010 3703; x_wconf 87' lang='lat' dir='ltr'><strong>disposueram,</strong></span> <span class='ocrx_word' id='word_1_309' title='bbox 2038 3635 2157 3697; x_wconf 83' lang='lat' dir='ltr'><strong>ego</strong></span> <span class='ocrx_word' id='word_1_310' title='bbox 2199 3636 2371 3679; x_wconf 86' lang='lat' dir='ltr'><strong>eram</strong></span> <span class='ocrx_word' id='word_1_311' title='bbox 2386 3627 2433 3674; x_wconf 87' lang='lat'><strong>6.</strong></span> 
     </span>
     <span class='ocr_line' id='line_1_33' title="bbox 163 3718 2371 3804; baseline 0 -25"><span class='ocrx_word' id='word_1_312' title='bbox 163 3718 271 3801; x_wconf 93' lang='lat' dir='ltr'><strong>qui</strong></span> <span class='ocrx_word' id='word_1_313' title='bbox 314 3720 634 3799; x_wconf 84' lang='lat' dir='ltr'><strong>volebam,</strong></span> <span class='ocrx_word' id='word_1_314' title='bbox 663 3740 786 3801; x_wconf 85' lang='lat' dir='ltr'><strong>ego</strong></span> <span class='ocrx_word' id='word_1_315' title='bbox 831 3721 943 3804; x_wconf 89' lang='lat' dir='ltr'><strong>qui</strong></span> <span class='ocrx_word' id='word_1_316' title='bbox 983 3722 1326 3797; x_wconf 84' lang='lat' dir='ltr'><strong>nolebam3</strong></span> <span class='ocrx_word' id='word_1_317' title='bbox 1373 3741 1517 3800; x_wconf 88' lang='lat' dir='ltr'><strong>eg0,</strong></span> <span class='ocrx_word' id='word_1_318' title='bbox 1548 3740 1669 3801; x_wconf 86' lang='lat' dir='ltr'><strong>ego</strong></span> <span class='ocrx_word' id='word_1_319' title='bbox 1714 3740 1903 3783; x_wconf 88' lang='lat' dir='ltr'><strong>eram.</strong></span> <span class='ocrx_word' id='word_1_320' title='bbox 1995 3720 2137 3781; x_wconf 84' lang='lat' dir='ltr'><strong>Nec</strong></span> <span class='ocrx_word' id='word_1_321' title='bbox 2180 3718 2371 3800; x_wconf 90' lang='lat' dir='ltr'><strong>plene</strong></span> 
     </span>
     <span class='ocr_line' id='line_1_34' title="bbox 161 3817 2372 3903; baseline 0 -24"><span class='ocrx_word' id='word_1_322' title='bbox 161 3818 475 3896; x_wconf 86' lang='lat' dir='ltr'><strong>volebam,</strong></span> <span class='ocrx_word' id='word_1_323' title='bbox 502 3840 624 3883; x_wconf 86' lang='lat' dir='ltr'><strong>nec</strong></span> <span class='ocrx_word' id='word_1_324' title='bbox 667 3822 858 3903; x_wconf 92' lang='lat' dir='ltr'><strong>plene</strong></span> <span class='ocrx_word' id='word_1_325' title='bbox 901 3823 1216 3884; x_wconf 86' lang='lat' dir='ltr'><strong>nolebam.</strong></span> <span class='ocrx_word' id='word_1_326' title='bbox 1307 3819 1467 3883; x_wconf 90' lang='lat' dir='ltr'><strong>Ideo</strong></span> <span class='ocrx_word' id='word_1_327' title='bbox 1502 3841 1754 3883; x_wconf 84' lang='lat' dir='ltr'><strong>meeum</strong></span> <span class='ocrx_word' id='word_1_328' title='bbox 1791 3817 2277 3893; x_wconf 86' lang='lat' dir='ltr'><strong>contendebam,</strong></span> <span class='ocrx_word' id='word_1_329' title='bbox 2307 3824 2372 3879; x_wconf 88' lang='lat' dir='ltr'><strong>et</strong></span> 
     </span>
     <span class='ocr_line' id='line_1_35' title="bbox 162 3917 2369 4005; baseline 0 -24"><span class='ocrx_word' id='word_1_330' title='bbox 162 3918 576 4004; x_wconf 85' lang='lat' dir='ltr'><strong>dissipabara</strong></span> <span class='ocrx_word' id='word_1_331' title='bbox 595 3923 862 4005; x_wconf 75' lang='lat' dir='ltr'><strong>meipso·</strong></span> <span class='ocrx_word' id='word_1_332' title='bbox 951 3923 1043 3985; x_wconf 93' lang='lat' dir='ltr'><strong>Et</strong></span> <span class='ocrx_word' id='word_1_333' title='bbox 1067 3921 1214 4004; x_wconf 87' lang='lat' dir='ltr'><strong>ipsa</strong></span> <span class='ocrx_word' id='word_1_334' title='bbox 1241 3920 1576 4004; x_wconf 87' lang='lat' dir='ltr'><strong>dissipatio</strong></span> <span class='ocrx_word' id='word_1_335' title='bbox 1602 3940 1705 3983; x_wconf 90' lang='lat' dir='ltr'><strong>me</strong></span> <span class='ocrx_word' id='word_1_336' title='bbox 1732 3920 1937 3981; x_wconf 86' lang='lat' dir='ltr'><strong>invito</strong></span> <span class='ocrx_word' id='word_1_337' title='bbox 1967 3918 2226 4003; x_wconf 86' lang='lat' dir='ltr'><strong>quidem</strong></span> <span class='ocrx_word' id='word_1_338' title='bbox 2255 3917 2369 3981; x_wconf 89' lang='lat' dir='ltr'><strong>fie-</strong></span> 
     </span>
    </p>

    <p class='ocr_par' dir='ltr' id='par_1_7' title="bbox 159 4019 2370 4101">
     <span class='ocr_line' id='line_1_36' title="bbox 159 4019 2370 4101; baseline -0 -19"><span class='ocrx_word' id='word_1_339' title='bbox 159 4022 287 4097; x_wconf 88' lang='lat' dir='ltr'><strong>bat,</strong></span> <span class='ocrx_word' id='word_1_340' title='bbox 313 4043 438 4085; x_wconf 85' lang='lat' dir='ltr'><strong>nec</strong></span> <span class='ocrx_word' id='word_1_341' title='bbox 467 4030 681 4085; x_wconf 88' lang='lat' dir='ltr'><strong>tamen</strong></span> <span class='ocrx_word' id='word_1_342' title='bbox 711 4022 1090 4086; x_wconf 86' lang='lat' dir='ltr'><strong>ostendebat</strong></span> <span class='ocrx_word' id='word_1_343' title='bbox 1115 4031 1406 4086; x_wconf 90' lang='lat' dir='ltr'><strong>naturam</strong></span> <span class='ocrx_word' id='word_1_344' title='bbox 1433 4021 1667 4085; x_wconf 91' lang='lat' dir='ltr'><strong>mentis</strong></span> <span class='ocrx_word' id='word_1_345' title='bbox 1694 4020 1938 4096; x_wconf 84' lang='lat' dir='ltr'><strong>alienae,</strong></span> <span class='ocrx_word' id='word_1_346' title='bbox 1969 4019 2085 4082; x_wconf 87' lang='lat' dir='ltr'><strong>sed</strong></span> <span class='ocrx_word' id='word_1_347' title='bbox 2109 4036 2370 4101; x_wconf 81' lang='lat' dir='ltr'><strong>poenam</strong></span> 
     </span>
    </p>
   </div>
   <div class='ocr_carea' id='block_1_6' title="bbox 159 4118 2607 4241">
    <p class='ocr_par' dir='ltr' id='par_1_8' title="bbox 159 4118 2607 4241">
     <span class='ocr_line' id='line_1_37' title="bbox 159 4118 2607 4241; baseline 0 -57"><span class='ocrx_word' id='word_1_348' title='bbox 159 4143 314 4186; x_wconf 81' lang='lat' dir='ltr'><strong>meae</strong></span> <span class='ocrx_word' id='word_1_349' title='bbox 328 4120 414 4185; x_wconf 60' lang='grc' dir='ltr'><strong>Ν.</strong></span> <span class='ocrx_word' id='word_1_350' title='bbox 492 4124 592 4186; x_wconf 87' lang='lat' dir='ltr'><strong>Et</strong></span> <span class='ocrx_word' id='word_1_351' title='bbox 618 4125 760 4187; x_wconf 84' lang='lat' dir='ltr'><strong>ideo</strong></span> <span class='ocrx_word' id='word_1_352' title='bbox 789 4146 918 4189; x_wconf 89' lang='lat' dir='ltr'><strong>non</strong></span> <span class='ocrx_word' id='word_1_353' title='bbox 931 4124 1082 4208; x_wconf 85' lang='lat' dir='ltr'><strong>jam</strong></span> <span class='ocrx_word' id='word_1_354' title='bbox 1105 4144 1216 4204; x_wconf 74' lang='lat' dir='ltr'><strong>eqo</strong></span> <span class='ocrx_word' id='word_1_355' title='bbox 1236 4123 1551 4205; x_wconf 74' lang='lat' dir='ltr'><strong>operabar</strong></span> <span class='ocrx_word' id='word_1_356' title='bbox 1570 4123 1777 4198; x_wconf 75' lang='lat' dir='ltr'><strong>illam,</strong></span> <span class='ocrx_word' id='word_1_357' title='bbox 1792 4121 1908 4183; x_wconf 74' lang='lat' dir='ltr'><strong>sed</strong></span> <span class='ocrx_word' id='word_1_358' title='bbox 1925 4120 2096 4203; x_wconf 85' lang='lat' dir='ltr'><strong>quod</strong></span> <span class='ocrx_word' id='word_1_359' title='bbox 2114 4118 2368 4185; x_wconf 79' lang='lat' dir='ltr'><strong>habita·</strong></span> <span class='ocrx_word' id='word_1_360' title='bbox 2388 4127 2533 4241; x_wconf 47' lang='grc' dir='ltr'><strong>ἔξω.</strong></span> <span class='ocrx_word' id='word_1_361' title='bbox 2558 4130 2607 4185; x_wconf 77' lang='grc'><strong>7.</strong></span> 
     </span>
    </p>
   </div>
   <div class='ocr_carea' id='block_1_7' title="bbox 162 4382 2371 4581">
    <p class='ocr_par' dir='ltr' id='par_1_9' title="bbox 162 4382 2371 4581">
     <span class='ocr_line' id='line_1_38' title="bbox 226 4382 2244 4452; baseline -0.001 -17"><span class='ocrx_word' id='word_1_362' title='bbox 226 4387 250 4423; x_wconf 76' lang='lat' dir='ltr'><strong>b</strong></span> <span class='ocrx_word' id='word_1_363' title='bbox 287 4389 409 4435; x_wconf 75' lang='lat' dir='ltr'><strong>Haee</strong></span> <span class='ocrx_word' id='word_1_364' title='bbox 456 4394 529 4435; x_wconf 80' lang='lat' dir='ltr'><strong>est</strong></span> <span class='ocrx_word' id='word_1_365' title='bbox 576 4387 702 4435; x_wconf 81' lang='lat' dir='ltr'><strong>enim</strong></span> <span class='ocrx_word' id='word_1_366' title='bbox 748 4402 890 4452; x_wconf 86' lang='lat' dir='ltr'><strong>poena</strong></span> <span class='ocrx_word' id='word_1_367' title='bbox 947 4385 1230 4435; x_wconf 83' lang='lat' dir='ltr'><strong>inobedienti</strong></span> <span class='ocrx_word' id='word_1_368' title='bbox 1293 4401 1337 4433; x_wconf 90' lang='lat' dir='ltr'><strong>c.</strong></span> <span class='ocrx_word' id='word_1_369' title='bbox 1365 4383 1572 4432; x_wconf 86' lang='lat' dir='ltr'><strong>Advers.</strong></span> <span class='ocrx_word' id='word_1_370' title='bbox 1594 4384 1708 4445; x_wconf 82' lang='lat' dir='ltr'><strong>Leg.</strong></span> <span class='ocrx_word' id='word_1_371' title='bbox 1732 4390 1781 4431; x_wconf 87' lang='lat' dir='ltr'><strong>et</strong></span> <span class='ocrx_word' id='word_1_372' title='bbox 1802 4390 1954 4447; x_wconf 84' lang='lat' dir='ltr'><strong>propt.</strong></span> <span class='ocrx_word' id='word_1_373' title='bbox 1976 4382 2010 4430; x_wconf 92' lang='lat' dir='ltr'><strong>l.</strong></span> <span class='ocrx_word' id='word_1_374' title='bbox 2031 4382 2063 4431; x_wconf 88' lang='lat' dir='ltr'><strong>i.</strong></span> <span class='ocrx_word' id='word_1_375' title='bbox 2090 4398 2136 4432; x_wconf 90' lang='lat' dir='ltr'><strong>c.</strong></span> <span class='ocrx_word' id='word_1_376' title='bbox 2163 4384 2244 4432; x_wconf 83' lang='lat'><strong>14.</strong></span> 
     </span>
     <span class='ocr_line' id='line_1_39' title="bbox 162 4446 2233 4519; baseline -0.001 -21"><span class='ocrx_word' id='word_1_377' title='bbox 162 4450 330 4499; x_wconf 83' lang='lat' dir='ltr'><strong>bomini</strong></span> <span class='ocrx_word' id='word_1_378' title='bbox 364 4452 548 4500; x_wconf 82' lang='lat' dir='ltr'><strong>reddita</strong></span> <span class='ocrx_word' id='word_1_379' title='bbox 578 4452 628 4499; x_wconf 88' lang='lat' dir='ltr'><strong>in</strong></span> <span class='ocrx_word' id='word_1_380' title='bbox 660 4452 926 4519; x_wconf 80' lang='lat' dir='ltr'><strong>semetipso,</strong></span> <span class='ocrx_word' id='word_1_381' title='bbox 949 4460 1001 4499; x_wconf 89' lang='lat' dir='ltr'><strong>ut</strong></span> <span class='ocrx_word' id='word_1_382' title='bbox 1031 4450 1074 4499; x_wconf 85' lang='lat' dir='ltr'><strong>ei</strong></span> <span class='ocrx_word' id='word_1_383' title='bbox 1093 4450 1227 4499; x_wconf 80' lang='lat' dir='ltr'><strong>vicis·</strong></span> <span class='ocrx_word' id='word_1_384' title='bbox 1357 4452 1381 4482; x_wconf 73' lang='lat'><strong>⁶</strong></span> <span class='ocrx_word' id='word_1_385' title='bbox 1418 4448 1532 4497; x_wconf 90' lang='lat' dir='ltr'><strong>Vid.</strong></span> <span class='ocrx_word' id='word_1_386' title='bbox 1556 4463 1657 4512; x_wconf 79' lang='lat' dir='ltr'><strong>sup.</strong></span> <span class='ocrx_word' id='word_1_387' title='bbox 1683 4447 1744 4494; x_wconf 82' lang='lat' dir='ltr'><strong>ad</strong></span> <span class='ocrx_word' id='word_1_388' title='bbox 1768 4447 1803 4497; x_wconf 90' lang='lat' dir='ltr'><strong>l.</strong></span> <span class='ocrx_word' id='word_1_389' title='bbox 1828 4446 1888 4495; x_wconf 85' lang='lat' dir='ltr'><strong>iv.</strong></span> <span class='ocrx_word' id='word_1_390' title='bbox 1912 4448 1959 4509; x_wconf 85' lang='lat'><strong>§.</strong></span> <span class='ocrx_word' id='word_1_391' title='bbox 1977 4448 2059 4496; x_wconf 83' lang='lat'><strong>26.</strong></span> <span class='ocrx_word' id='word_1_392' title='bbox 2083 4464 2131 4512; x_wconf 88' lang='lat' dir='ltr'><strong>p.</strong></span> <span class='ocrx_word' id='word_1_393' title='bbox 2155 4448 2233 4496; x_wconf 83' lang='lat'><strong>59.</strong></span> 
     </span>
     <span class='ocr_line' id='line_1_40' title="bbox 162 4511 2371 4581; baseline -0.004 -16"><span class='ocrx_word' id='word_1_394' title='bbox 162 4515 242 4565; x_wconf 76' lang='lat' dir='ltr'><strong>sim</strong></span> <span class='ocrx_word' id='word_1_395' title='bbox 257 4532 354 4566; x_wconf 78' lang='lat' dir='ltr'><strong>non</strong></span> <span class='ocrx_word' id='word_1_396' title='bbox 375 4516 630 4567; x_wconf 77' lang='lat' dir='ltr'><strong>obediatur</strong></span> <span class='ocrx_word' id='word_1_397' title='bbox 648 4530 736 4567; x_wconf 81' lang='lat' dir='ltr'><strong>nee</strong></span> <span class='ocrx_word' id='word_1_398' title='bbox 750 4531 780 4564; x_wconf 83' lang='lat' dir='ltr'><strong>a</strong></span> <span class='ocrx_word' id='word_1_399' title='bbox 797 4515 1062 4581; x_wconf 74' lang='lat' dir='ltr'><strong>semetipso.</strong></span> <span class='ocrx_word' id='word_1_400' title='bbox 1097 4515 1227 4579; x_wconf 83' lang='lat' dir='ltr'><strong>Aug.</strong></span> <span class='ocrx_word' id='word_1_401' title='bbox 1357 4514 1381 4550; x_wconf 69' lang='grc' dir='ltr'><strong>«Ι</strong></span> <span class='ocrx_word' id='word_1_402' title='bbox 1418 4512 1532 4563; x_wconf 79' lang='lat' dir='ltr'><strong>vid.</strong></span> <span class='ocrx_word' id='word_1_403' title='bbox 1550 4528 1657 4577; x_wconf 78' lang='lat' dir='ltr'><strong>sup.</strong></span> <span class='ocrx_word' id='word_1_404' title='bbox 1678 4511 1740 4560; x_wconf 74' lang='lat' dir='ltr'><strong>ad</strong></span> <span class='ocrx_word' id='word_1_405' title='bbox 1762 4512 1799 4562; x_wconf 89' lang='lat' dir='ltr'><strong>l.</strong></span> <span class='ocrx_word' id='word_1_406' title='bbox 1820 4512 1899 4563; x_wconf 83' lang='lat' dir='ltr'><strong>vii.</strong></span> <span class='ocrx_word' id='word_1_407' title='bbox 1922 4513 1965 4574; x_wconf 63' lang='grc' dir='ltr'><strong>ς.</strong></span> <span class='ocrx_word' id='word_1_408' title='bbox 1986 4514 2033 4561; x_wconf 82' lang='grc'><strong>5.</strong></span> <span class='ocrx_word' id='word_1_409' title='bbox 2054 4528 2101 4577; x_wconf 85' lang='lat' dir='ltr'><strong>p.</strong></span> <span class='ocrx_word' id='word_1_410' title='bbox 2134 4513 2239 4562; x_wconf 86' lang='lat'><strong>106.</strong></span> <span class='ocrx_word' id='word_1_411' title='bbox 2264 4527 2311 4562; x_wconf 84' lang='lat' dir='ltr'><strong>n.</strong></span> <span class='ocrx_word' id='word_1_412' title='bbox 2335 4512 2371 4560; x_wconf 75' lang='lat' dir='ltr'><strong>f.</strong></span> 
     </span>
    </p>
   </div>
  </div>
 </body>
</html>
