3042 5059
452 658 473 704 l
503 654 614 705 soh.

687 386 771 443 32

1237 376 1302 441 S.
1349 372 1864 440 AUGUSTINI
1910 372 2331 437 EPISCOPI

686 543 754 599 et
780 534 1050 619 strepitu
1084 534 1322 615 linguae
1347 556 1365 609 ;
1410 539 1476 596 et
1503 538 1825 607 caeterum,
1854 551 1967 595 cor
1990 528 2180 593 inane
2208 528 2359 593 veri.
2447 528 2539 591 Et
2564 526 2899 605 dicebant,

685 637 958 715 Veritas,
979 643 1044 700 et
1069 636 1330 699 veritas:
1377 642 1444 698 et
1467 634 1907 695 multum'eam
1939 630 2241 694 dicebant
2264 629 2447 706 mihi,
2478 636 2544 693 et
2568 650 2894 713 nusquam

685 742 931 805 eratin
958 742 1052 804 eis
1071 766 1096 809 ‚·
1145 738 1260 803 sed
1287 737 1448 802 falsa
1473 737 1917 820 loquebantur,
1946 754 2079 797 non
2110 732 2191 796 de
2219 742 2283 797 te
2313 740 2581 811 tantum,
2604 734 2719 817 qui
2749 755 2895 796 vere

687 844 940 909 Veritas
967 865 1059 921 es,
1089 842 1204 907 sed
1233 842 1422 906 etiam
1453 840 1535 903 de
1562 839 1705 903 istis
1734 836 2065 903 elementis
2107 836 2302 921 hujus
2339 835 2565 899 mundi
2606 846 2901 901 creatura

688 954 821 1024 tua,
865 946 946 1009 de
991 944 1225 1029 quibus
1275 942 1468 1006 etiam
1514 962 1667 1005 vera
1716 940 2002 1005 dicentes
2057 938 2481 1021 philosophos
2538 937 2899 1017 transgredi

691 1050 885 1114 debui
941 1069 1074 1132 prae
1133 1067 1344 1111 amore
1389 1054 1522 1122 tuo,
1567 1043 1656 1107 mi
1707 1045 1901 1107 Pater
1946 1062 2191 1107 summe
2246 1044 2437 1119 bone,
2480 1040 2902 1124 pulchritudo

685 1150 1101 1235 pulchrorum
1127 1147 1430 1211 omnium.
1519 1146 1579 1209 Ο
1608 1144 1882 1224 Veritas,
1909 1144 2185 1221 VeritaS‚
2214 1164 2409 1227 quam
2450 1143 2674 1205 intime
2704 1142 2903 1205 etiam

687 1261 826 1316 tum
855 1250 1150 1315 medullae
1189 1248 1385 1313 animi
1421 1247 1552 1310 mei
1584 1246 1992 1329 suspirabant
2018 1245 2160 1323 tibi,
2190 1266 2336 1309 cum
2365 1252 2430 1307 te
2465 1244 2561 1306 illi
2599 1250 2905 1307 sonarent

689 1352 851 1418 mihi
886 1352 1248 1436 frequenter
1287 1357 1354 1414 et
1387 1348 1827 1433 multipliciter
1866 1367 2026 1410 voce
2069 1348 2226 1423 sola,
2257 1354 2323 1409 et
2356 1345 2538 1409 libris
2575 1344 2805 1408 multis
2842 1352 2905 1407 et

690 1453 1063 1537 ingentibus
1091 1450 1103 1515 Ξ
1179 1452 1271 1514 Et
1299 1451 1413 1513 illa
1449 1456 1629 1513 erant
1658 1448 1898 1511 fercula
1924 1448 1993 1509 in
2025 1447 2262 1531 quibus
2290 1446 2451 1509 mihi
2480 1446 2792 1509 esurienti
2821 1453 2902 1523 te,

693 1557 1124 1620 inferebantur
1148 1573 1266 1636 pro
1293 1560 1358 1615 te
1389 1551 1487 1614 sol
1514 1558 1583 1614 et
1607 1551 1763 1613 luna.
1771 1553 1817 1627 ⁶,
1832 1549 2105 1631 pulchra
2125 1569 2321 1637 opera,
2347 1555 2494 1625 tua3
2539 1547 2658 1611 sed
2684 1555 2902 1610 tamen

695 1741 1006 1819 appellatione
1030 1741 1227 1791 colimus
1257 1753 1450 1796 numen,
1471 1737 1553 1787 sed
1580 1736 1763 1787 Patrem

695 1809 883 1872 quidem
905 1807 1056 1870 ipsum
1079 1805 1234 1854 lucem
1248 1802 1450 1853 incolere
1461 1816 1692 1851 summam
1706 1816 1764 1849 ac

695 1870 1020 1936 principalem,
1041 1884 1182 1936 quam
1211 1868 1388 1917 Paulus
1417 1867 1537 1915 alias
1554 1865 1761 1915 inacces-

694 1935 878 1984 sibilem
915 1943 1082 1983 vocat:
1135 1933 1308 1981 Filium
1347 1947 1456 1981 vero
1487 1930 1539 1981 in
1571 1930 1660 1979 hac
1692 1946 1765 1978 se-

698 2000 855 2048 cunda
898 2014 955 2047 ac
1010 1996 1182 2047 visibili
1223 1998 1334 2045 lnce
1377 1996 1639 2050 consistere,
1683 1994 1764 2057 qui

733 2062 919 2113 uoniam
963 2063 1022 2112 sit
1061 2070 1108 2111 et
1139 2061 1238 2127 ipse
1268 2059 1502 2136 geminus,
1538 2062 1619 2119 (ut
1656 2074 1763 2107 eum

696 2080 956 2193 apostolus
997 2126 1142 2183 novit,
1188 2125 1426 2176 Christum
1470 2122 1631 2173 dicens
1668 2138 1767 2172 esse

701 2192 795 2241 Dei
817 2191 1026 2241 virtutem
1046 2200 1096 2240 et
1122 2189 1212 2239 Dei
1231 2187 1531 2254 sapientiam)
1554 2186 1766 2236 virtutem

696 2256 886 2322 quidem
923 2256 1030 2322 ejus
1057 2254 1108 2304 in
1139 2254 1237 2304 sole
1277 2252 1486 2302 habitare
1519 2251 1768 2307 credimus,

697 2319 970 2386 sapientiam
991 2335 1100 2369 vero
1119 2319 1170 2367 in
1189 2318 1338 2367 luna:
1375 2332 1462 2366 nec
1484 2332 1578 2365 non
1596 2325 1644 2365 et
1667 2316 1771 2381 Spi-

701 2385 816 2434 ritus
844 2384 1022 2440 Sancti.
1043 2384 1128 2450 qui
1157 2390 1228 2433 est
1246 2382 1466 2448 majestas
1483 2379 1635 2435 tertia,
1656 2380 1773 2429 aeris

702 2449 831 2499 hunc
872 2464 1057 2498 omnem
1105 2448 1331 2497 ambitum
1375 2447 1530 2495 sedem
1573 2444 1772 2493 fatemur

704 2530 762 2563 ac
783 2513 1102 2569 diversorium,
1125 2513 1261 2577 cujus
1281 2527 1340 2561 ex
1361 2510 1537 2561 viribus
1565 2525 1622 2558 ac
1642 2508 1772 2585 spiri-

702 2577 786 2627 tali
806 2578 1070 2644 profusione
1087 2586 1256 2626 terram
1319 2591 1475 2640 noque
1504 2573 1773 2639 concipien-

705 2652 797 2692 tem
821 2644 1006 2707 gignere
1029 2642 1266 2708 patibilem
1323 2656 1472 2697 esum,
1485 2639 1567 2705 qui
1585 2647 1654 2687 est
1677 2639 1774 2687 vita

704 2722 763 2756 ac
806 2708 934 2757 salus
969 2707 1230 2764 hominum,
1262 2706 1389 2754 omni
1428 2719 1677 2769 suspensus
1711 2718 1770 2753 ex

705 2771 884 2836 ligno.'’
957 2770 1173 2820 Similiter
1219 2769 1514 2819 Secundinus
1551 2769 1621 2831 (E
1660 2801 1673 2815 .
1711 2769 1771 2816 ad

705 2836 862 2900 Aug.)
904 2840 936 2863 “
965 2836 1132 2884 Habeo
1163 2844 1210 2884 et
1239 2850 1328 2899 ago
1349 2833 1517 2899 gratias
1546 2833 1621 2881 ine
1686 2832 1773 2881 bili

702 2916 759 2949 ac
799 2900 1131 2976 Sacratissimp
1167 2898 1422 2974 Majestati,
1453 2898 1646 2973 ejusque
1666 2896 1772 3006 pri-

701 2973 932 3087 {²1:32⁰
929 2964 1286 3093 1153?ssss
1288 2979 1472 3092 ”22⁰3ss
1504 2978 1774 3075 153¹...ssss

701 3095 848 3144 refero
899 3093 1140 3169 Spiritui.’'
1209 3092 1426 3156 Denique
1516 3099 1775 3148 ortunatus,

703 3163 722 3213 (
735 3160 872 3224 Disp.
930 3174 964 3206 ι.
1021 3160 1062 3221 §.
1117 3156 1197 3209 3.)
1252 3156 1406 3205 allatis
1461 3156 1673 3221 pluribus
1726 3154 1776 3203 S.

701 3224 952 3288 Scripturae
993 3222 1112 3270 locis
1153 3230 1186 3250 ‘⁴
1217 3220 1302 3269 His
1344 3220 1482 3269 rebus
1521 3219 1771 3275 credimus,

699 3296 748 3336 et
767 3288 870 3336 haec
892 3296 961 3335 est
991 3286 1106 3335 ratio
1139 3285 1246 3335 fidei
1277 3294 1460 3338 nostrae,
1482 3292 1533 3331 et
1592 3299 1644 3331 ro
1664 3283 1773 3331 viri-

702 3353 792 3401 bus
811 3350 953 3399 animi
975 3350 1115 3398 nostri
1145 3348 1372 3397 mandatis
1401 3347 1502 3412 ejus
1534 3364 1563 3395 o
1598 3357 1774 3424 tempe-

702 3430 822 3472 rare,
842 3430 984 3462 unam
1019 3414 1156 3463 fidem
1187 3422 1416 3463 sectantes
1448 3412 1592 3477 hujus
1620 3411 1772 3461 Trmi·

701 3480 822 3533 tatis,
854 3478 1004 3527 Patris
1032 3487 1079 3527 et
1114 3478 1221 3527 Filii
1251 3486 1300 3527 et
1335 3477 1532 3553 Spiritus
1568 3476 1779 3525 Sancti.”

703 3551 736 3573 ⁸·
769 3544 855 3591 His
874 3542 1228 3591 obscoenissimis
1249 3542 1466 3617 pannis,”
1483 3541 1610 3607 justa
1630 3541 1776 3606 indig-

703 3607 887 3656 natione
901 3607 966 3655 ait
974 3608 1102 3683 Aug.
1112 3607 1351 3657 teterrimis
1362 3606 1641 3671 quibusdam
1656 3606 1776 3655 alla-

704 3672 777 3730 tis,
802 3679 833 3699 ‘⁸
851 3672 1084 3720 conamini
1106 3687 1289 3721 assuere
1308 3670 1596 3720 ineffabilem
1620 3670 1774 3719 Trini-

703 3744 862 3794 tatem,
877 3736 1082 3785 dicentes
1097 3738 1284 3785 Patrem
1301 3735 1350 3783 in
1371 3744 1549 3785 secreto
1569 3735 1773 3801 quodam

703 3800 879 3850 lumine
901 3800 1128 3859 habitare,
1149 3800 1253 3849 Filii
1273 3809 1426 3849 autem
1449 3800 1499 3847 in
1517 3801 1615 3849 sole
1628 3799 1771 3849 virtu·

704 3874 814 3921 tem,
836 3866 883 3913 in
916 3865 1031 3915 luna
1061 3865 1364 3931 sapientiam3
1407 3864 1631 3929 Spiritum
1664 3880 1773 3914 vero

704 3938 918 3977 sanctum
941 3929 991 3977 in
1013 3931 1172 3978 aere.”
1215 3945 1261 3978 c.
1284 3930 1445 3978 Faust.
1478 3929 1511 3976 l.
1539 3945 1617 3976 xx.
1653 3945 1698 3978 c.
1721 3930 1771 3978 7.

709 3994 854 4043 Foede
896 3994 1073 4043 scilicet
1114 3993 1388 4050 Manichaei,
1431 4009 1538 4041 cum
1592 4002 1772 4042 terrena

705 4058 863 4106 omnia
895 4067 1126 4124 saperent,
1165 4056 1372 4106 Nomina
1408 4058 1510 4105 baec
1548 4058 1777 4133 figmentis

705 4122 799 4171 suis
810 4122 1136 4179 obtenderunt,
1146 4122 1300 4171 forsan
1312 4122 1478 4188 quiase
1490 4122 1777 4171 Christianos

705 4202 804 4236 esse
824 4187 912 4236 sibi
940 4188 1050 4253 ipsis
1081 4186 1357 4253 persuadere
1378 4186 1643 4245 voluerunt,
1666 4203 1773 4235 cum

708 4251 823 4299 nihil
859 4268 1020 4301 eorum
1059 4251 1294 4317 systemati
1325 4250 1507 4308 inesset,
1543 4251 1670 4316 quod
1705 4251 1776 4301 his

707 4316 990 4372 veritatibus,
1015 4316 1086 4365 vel
1121 4316 1235 4365 locis
1266 4316 1319 4365 S.
1353 4314 1623 4381 Scripturae,
1657 4332 1774 4382 quos

707 4380 990 4429 adduxerint
1016 4381 1090 4429 vel
1119 4397 1147 4430 e
1179 4380 1433 4445 longinquo
1461 4380 1776 4445 responderet.

717 4442 910 4510 Spiritui
956 4445 1129 4494 Sancto
1177 4444 1448 4511 praesertim,
1485 4460 1546 4493 ne
1588 4444 1776 4493 omnino

709 4516 1024 4573 praetereatur,
1064 4509 1196 4560 sedes
1233 4510 1284 4559 in
1327 4524 1434 4560 aere
1477 4509 1773 4574 assignatur3

1830 1750 1975 1801 quare
2002 1750 2112 1785 vero
2145 1742 2439 1792 memoretur,
2463 1734 2597 1783 nulla
2628 1733 2726 1782 alia
2760 1748 2900 1781 causa

1830 1800 1878 1848 in
1912 1808 2130 1864 promptu
2164 1808 2248 1857 est,
2269 1815 2378 1848 cum
2413 1800 2471 1848 de
2497 1798 2772 1847 muneribus
2802 1799 2903 1862 ejus

1830 1864 1941 1913 ullis
1959 1863 2149 1912 omnino
2169 1863 2372 1913 sileatur.

1894 1936 1917 1962 0
1950 1928 2087 1978 offra
2119 1929 2191 1976 τὸ
2223 1928 2344 1979 ὅλων
2374 1929 2453 1977 καὶ
2486 1928 2565 1981 «ἦν
2588 1928 2773 1979 rtatim·
2794 1927 2898 1980 δασὺς

1831 1993 2099 2054 δωρίζουσα,
2135 1994 2243 2041 rori
2281 1994 2360 2055 μὶν
2400 1994 2532 2041 αὖα-δι
2564 1993 2898 2045 ἄτοκιλοῧηις

1832 2057 2031 2121 Χριστόν·
2068 2059 2178 2106 rori
2209 2056 2253 2105 δί
2290 2062 2428 2107 canza
2462 2058 2669 2119 Myon-25
2694 2055 2798 2104 arm
2818 2058 2901 2109 τὰς

1834 2123 1919 2171 τῧν
1962 2123 2268 2171 αλιος-όντων
2311 2124 2479 2187 ψυχὰς
2526 2121 2619 2170 ‹tvl›
2666 2124 2747 2174 τῆς
2794 2122 2901 2174 ὅλης

1830 2188 2099 2250 pate-'you‘
2139 2188 2243 2255 ''e'‘
2273 2186 2326 2236 τ)
2365 2188 2452 2251 φὸς
2513 2186 2629 2235 οὕτω
2668 2188 2765 2252 γά(
2802 2198 2903 2247 We

1835 2254 1965 2301 nas-d
2009 2252 2135 2320 pie-5
2180 2255 2259 2305 τῖς
2296 2256 2478 2318 fongae
2512 2254 2904 2301 ‘’ruzzia-seha

1835 2319 2043 2383 uginus.
2110 2319 2197 2366 xa>
2231 2318 2309 2370 τὸν
2328 2318 2506 2370 πλοίων
2536 2316 2579 2365 ἷὶ
2608 2314 2808 2379 pavendi
2828 2316 2907 2363 καὶ

1832 2380 2073 2445 Bazis-opus
2106 2382 2297 2444 γίνεσθαι
2334 2386 2400 2446 τᾷ
2431 2383 2661 2431 nnn-Setae·
2708 2382 2790 2429 nal
2822 2382 2904 2433 τὰς

1836 2446 2071 2509 φυτουδιῗσ
2087 2449 2256 2509 ψυχὰς
2274 2449 2368 2496 ἆτδ
2384 2449 2464 2505 μὶν
2477 2450 2557 2499 τῆς
2578 2448 2689 2500 ὅλης
2714 2448 2905 2507 λαμβά-

1838 2532 1928 2567 rur,
1963 2512 2244 2561 &rotun-eae
2280 2511 2323 2561 δί
2359 2513 2416 2566 ιῖς
2451 2512 2504 2560 τ)
2535 2514 2637 2573 φῦς·
2676 2513 2758 2559 καὶ
2792 2512 2905 2559 οὕτω

1838 2577 1967 2625 πετὲ
1983 2578 2144 2644 βραχὺ
2163 2580 2241 2631 (ὃς
2267 2598 2373 2631 torn
2399 2580 2451 2631 ἲς
2468 2578 2519 2625 vo*
2534 2578 2621 2639 φὸς
2642 2577 2908 2625 ‘’r-&Mr-

1840 2645 1985 2691 πέδαι
2000 2644 2209 2709 κρόκης.
2226 2642 2300 2690 Th
2390 2650 2502 2691 oret.
2510 2642 2636 2690 Haet.
2653 2643 2691 2690 F
2694 2641 2817 2690 abd.
2828 2643 2909 2689 27.

1840 2709 1940 2756 Vos
1968 2707 2009 2756 si
2038 2707 2255 2773 spiritalis
2286 2716 2426 2773 atque
2455 2704 2763 2771 intelligibilis
2794 2706 2908 2753 boni

1836 2770 2027 2821 caritate
2046 2786 2103 2820 ac
2134 2787 2229 2819 non
2262 2771 2571 2836 corporalium
2604 2770 2907 2836 phantasma-

1834 2844 1933 2885 tum
1970 2835 2220 2901 cupiditate
2258 2835 2492 2891 arderetis,
2533 2844 2584 2885 ut
2621 2835 2715 2884 cito
2754 2835 2907 2884 dicam

1835 2901 1963 2965 quod
2008 2901 2067 2949 de
2110 2899 2240 2949 vobis
2287 2900 2567 2949 notissimum
2623 2909 2713 2957 est,
2762 2900 2908 2949 solem

1835 2964 1974 3013 istum
2022 2980 2295 3030 corporeum
2333 2980 2426 3013 non
2472 2981 2555 3030 pro
2594 2964 2754 3013 divina
2798 2965 2907 3013 sub-

1837 3029 2021 3084 stantia,
2053 3037 2100 3077 et
2142 3044 2225 3094 pro
2263 3029 2499 3093 sapientiae
2535 3030 2645 3078 luce
2680 3028 2906 3077 coleretis.

1842 3094 1969 3158 Aug.
1990 3109 2036 3142 c.
2063 3094 2222 3142 Faust.
2243 3093 2279 3142 1.
2305 3110 2351 3143 v.
2374 3094 2455 3142 fin.
2492 3095 2603 3142 Non
2636 3102 2810 3141 norunt
2836 3094 2905 3141 isti

1838 3156 1993 3207 lucem
2039 3156 2124 3205 nisi
2168 3173 2307 3223 quem
2342 3158 2519 3207 carneis
2548 3157 2703 3207 oculis
2734 3144 2907 3206 viddnt.

1839 3222 1901 3271 Et
1930 3222 2034 3271 ideo
2065 3221 2200 3271 istum
2232 3222 2516 3271 solem—isti
2545 3224 2610 3271 sic
2642 3222 2827 3279 colunt,
2861 3230 2913 3270 ut

1900 3286 2116 3335 rticulam
2144 3286 2302 3335 dicant
2322 3303 2420 3336 esse
2439 3286 2557 3336 lucis
2577 3286 2705 3335 illius
2731 3286 2781 3333 in
2816 3302 2911 3351 qua

1871 3350 2018 3399 abitat
2033 3352 2181 3400 Deus.
2218 3352 2277 3401 de
2301 3352 2428 3400 Gen.
2450 3368 2495 3401 c.
2521 3352 2655 3399 Man.
2680 3350 2720 3401 l.
2741 3351 2775 3399 i.
2795 3366 2840 3399 c.
2861 3353 2910 3399 3.

1840 3414 2055 3464 Carnalis
2096 3423 2249 3463 vestra
2290 3416 2505 3480 cogitatio
2546 3416 2665 3465 adeo
2709 3430 2739 3463 a
2794 3415 2911 3464 locis

1841 3495 1897 3528 co
1954 3478 2159 3528 oralibus
2181 3496 2273 3527 non
2305 3480 2492 3537 recedit,
2513 3488 2566 3528 ut
2592 3480 2739 3529 solem
2775 3479 2912 3528 illum

1839 3543 1921 3593 visi
1955 3544 2062 3593 ilem
2088 3559 2144 3592 ac
2166 3560 2249 3609 per
2272 3544 2359 3593 hoc
2382 3560 2673 3611 corporeum,
2698 3544 2779 3609 qui
2799 3560 2912 3592 con-

1839 3608 1975 3658 tineri
2008 3608 2095 3657 nisi
2133 3609 2363 3673 corporali
2400 3609 2506 3658 loco
2538 3626 2632 3657 non
2666 3618 2833 3685 potest,
2866 3617 2914 3657 et

1841 3673 2000 3723 Deum
2027 3681 2073 3722 et
2104 3682 2281 3738 partem
2310 3672 2401 3723 Dei
2423 3689 2520 3723 esse
2549 3674 2735 3723 dicatis.
2765 3691 2809 3723 c.
2831 3676 2913 3721 Se-

1838 3738 2033 3786 cundin.
2075 3738 2293 3786 Manich.
2334 3754 2376 3786 c.
2410 3740 2489 3787 20.
2570 3739 2731 3787 Primo
2765 3739 2912 3787 solem

1838 3802 1993 3851 navim
2012 3801 2253 3868 quandam
2274 3818 2373 3851 esse
2394 3802 2571 3863 dicitis3
2606 3802 2780 3851 deinde
2801 3819 2913 3852 cum

1836 3867 2046 3915 omnium
2086 3866 2235 3915 oculis
2276 3868 2500 3916 rotundus
2550 3868 2789 3931 effulgeat,
2834 3884 2916 3916 vos

1836 3946 1947 3979 eum
2000 3931 2286 3995 triangulum
2340 3946 2439 3980 esse
2482 3931 2751 3998 perhibetis,
2797 3931 2829 3981 i.
2868 3948 2913 3981 e.

1898 4011 1921 4043 r
1950 3996 2189 4060 quandam
2220 3995 2499 4059 triangulam
2532 3996 2644 4045 coeli
2664 3994 2915 4045 fenestram

1856 4075 1994 4109 ucem
2043 4060 2178 4108 istam
2224 4061 2403 4109 mundo
2448 4060 2671 4125 terrisque
2711 4061 2914 4110 radiare.

1840 4124 1918 4171 Ita
1954 4124 2006 4173 fit
2038 4124 2312 4173 ut-nescio
2345 4140 2488 4191 quam
2528 4127 2683 4173 navim
2726 4142 2813 4191 per
2846 4126 2913 4173 fo·

1841 4204 2000 4238 ramen
2046 4188 2328 4253 triangulum
2374 4189 2625 4238 micantem
2661 4198 2807 4255 atque
2844 4190 2915 4238 lu-

1839 4261 2039 4313 centem,
2070 4268 2213 4319 quam
2253 4254 2501 4303 confictam
2539 4253 2768 4319 cogitatis,
2804 4255 2917 4302 ado-

1836 4318 1959 4367 retis.
2007 4334 2050 4366 c.
2095 4319 2254 4366 Faust.
2295 4319 2327 4367 l.
2363 4334 2447 4367 xx.
2480 4334 2525 4367 c.
2559 4321 2608 4367 6.
2670 4319 2915 4384 Quidquid

1836 4398 1947 4430 vero
1971 4382 2175 4448 undique
2196 4390 2420 4448 purgatur
2444 4382 2649 4442 luminis,
2671 4400 2759 4449 per
2780 4400 2918 4448 quas-

1838 4446 1947 4493 dam
1986 4462 2147 4502 naves‚
2183 4462 2302 4511 quas
2335 4462 2433 4496 esse
2474 4447 2637 4495 lunam
2679 4457 2729 4497 et
2770 4450 2917 4497 solem

1840 4510 2019 4570 volunt,
2042 4526 2182 4575 regno
2208 4511 2321 4572 Dei,
2341 4519 2580 4577 tamquam
2614 4512 2814 4579 propriis
2848 4528 2917 4562 se·
