3042 5059
728 422 1450 492 CONFESSIONUM
1499 426 1783 491 LIBER
1825 426 1941 491 VI.
2350 422 2433 491 85

219 579 414 666 jicere
463 596 789 657 noveram,
836 602 956 645 nec
1003 590 1306 665 expertus
1355 602 1565 645 eram:
1623 603 1743 645 nec
1791 582 1901 645 ille
1950 582 2197 645 sciebat
2240 590 2433 646 aestus

226 702 418 760 meOS,
461 703 586 745 nec
636 682 884 746 foveam
930 683 1200 766 periculi
1248 685 1392 747 mei.
1484 685 1640 746 Non
1690 684 1859 746 enim
1905 704 2185 767 quaerere
2230 686 2311 747 ab
2356 706 2433 748 eo

225 790 507 865 poteram
555 783 730 867 quod
771 785 1086 861 volebam,
1126 785 1292 848 sicut
1333 786 1648 861 volebam,
1685 784 2163 849 secludentibus
2205 806 2309 847 me
2352 787 2434 848 ab

225 882 358 966 ejus
386 905 540 947 aure
579 893 770 968 atque
811 906 916 948 ore
957 874 1227 949 catervis
1261 887 1740 967 negotiosorum
1778 886 2134 962 hominum,
2165 906 2435 968 quorum

223 984 700 1049 infirmitatibus
733 987 1064 1051 serviebat.
1156 987 1321 1050 Cum
1353 988 1592 1071 quibus
1622 986 1879 1070 quando
1910 1007 2043 1048 non
2074 994 2227 1062 erat,
2259 986 2434 1069 quod

224 1107 334 1169 per
347 1086 661 1166 exiguum
681 1088 986 1171 temporis
1002 1095 1156 1165 erat,
1175 1097 1285 1151 aut
1302 1109 1535 1170 corpus
1554 1087 1885 1151 reficiebat
1900 1087 2275 1149 necessariis
2294 1108 2429 1149 sus·

225 1188 583 1264 tentaculiS,
606 1196 716 1251 aut
735 1188 1010 1251 lectione
1031 1190 1330 1252 animum.
1421 1189 1551 1252 Sed
1570 1210 1717 1252 cum
1745 1188 2022 1269 legebat,
2046 1189 2215 1251 oculi
2237 1187 2430 1252 duce·

227 1290 448 1351 bantur
482 1309 602 1371 per
632 1290 925 1372 paginas»,
961 1297 1028 1352 et
1065 1311 1176 1353 cor
1208 1291 1607 1353 intellectum
1640 1291 2009 1368 rimabatur,
2045 1311 2176 1353 vox
2219 1298 2430 1353 autem

225 1396 286 1452 et
306 1389 533 1470 lingua
563 1391 996 1473 quiescebant.
1089 1392 1276 1473 Saepe
1307 1412 1454 1455 cum
1484 1391 1873 1466 adessemuS,
1892 1412 2025 1453 non
2057 1392 2229 1454 enim
2255 1399 2430 1454 veta-

224 1492 400 1553 batur
431 1491 778 1575 quisquam
817 1492 1088 1573 ingredi,
1119 1501 1231 1556 aut
1259 1493 1320 1555 ei
1357 1493 1717 1555 venientem
1756 1493 2036 1555 nuntiari
2074 1514 2217 1556 mos
2260 1502 2429 1570 erat3

229 1592 313 1655 sie
354 1614 501 1655 eum
548 1593 866 1673 legentem
904 1593 1182 1657 vidimus
1225 1596 1437 1671 tacite,
1467 1602 1535 1657 et
1563 1595 1746 1658 aliter
1781 1615 2111 1678 nunquam
2143 1618 2157 1656 :
2206 1595 2431 1658 seden-

223 1705 434 1779 tesque
461 1696 534 1757 in
567 1695 866 1759 diuturno
907 1698 1159 1761 silentio
1204 1696 1374 1782 (quis
1409 1698 1582 1761 enim
1626 1707 1756 1761 tam
1794 1699 2041 1761 intento
2080 1718 2220 1760 esse
2256 1698 2433 1759 oneri

228 1797 478 1861 auderet
499 1795 550 1879 ?)
624 1798 1131 1878 discedebamuS,
1172 1808 1236 1863 et
1282 1800 1803 1885 conjectabamus
1854 1822 2001 1862 eum
2045 1821 2241 1884 parvo
2284 1800 2431 1884 ipso

226 1909 518 1981 tempore,
555 1900 733 1983 quod
769 1901 1138 1984 reparandae
1177 1903 1376 1965 menti
1417 1924 1552 1965 suae
1590 1902 2099 1977 nanciscebatur,
2138 1900 2431 1965 feriatum

228 2003 302 2065 ab
344 2001 618 2084 strepitu
662 2024 996 2065 causarum
1043 2004 1412 2081 alienarum,
1455 2004 1627 2065 nolle
1672 2003 1739 2064 in
1785 2002 1962 2066 aliud
2014 2004 2309 2079 avocari3
2368 2012 2431 2066 et

228 2122 436 2165 cavere
476 2103 746 2167 fortasse
775 2125 857 2166 ne
887 2104 1172 2168 auditore
1218 2126 1531 2187 suspenso
1562 2112 1626 2167 et
1652 2103 1921 2180 intent0,
1954 2103 2008 2165 si
2040 2125 2169 2186 qua
2197 2105 2427 2167 obseu-

225 2203 346 2265 rius
407 2204 737 2286 posuisset
797 2206 906 2268 ille
969 2227 1162 2289 quem
1216 2208 1474 2287 legeret,
1534 2207 1725 2269 etiam
1784 2226 2107 2288 exponere
2164 2227 2427 2269 necesse

226 2314 420 2384 esset3
481 2315 600 2371 aut
641 2308 720 2371 de
765 2308 1088 2391 aliquibus
1131 2306 1600 2370 difficilioribus
1653 2306 2010 2390 disceptare
2056 2308 2427 2391 quaestioni-

225 2408 358 2485 buS,
413 2416 612 2491 atque
668 2410 822 2472 huic
880 2409 1059 2491 operi
1117 2408 1512 2490 temporibus
1570 2408 1903 2491 impensiS,
1960 2406 2173 2470 minus
2232 2430 2426 2491 quam

226 2509 404 2571 vellet
455 2509 858 2573 voluminum
918 2509 1271 2573 evolveret:
1335 2530 1703 2592 quanquam
1748 2518 1815 2572 et
1856 2531 2051 2573 causa
2098 2509 2425 2571 servandae

227 2610 412 2689 vociS,
457 2632 607 2693 quae
660 2610 756 2672 illi
810 2610 1110 2674 facillime
1155 2609 1647 2687 obtundebatur,
1690 2617 1940 2694 poterat
1996 2632 2137 2673 esse
2189 2609 2427 2693 justior

227 2711 406 2774 tacite
432 2711 712 2793 legendi.
803 2712 1110 2783 Quolibet
1135 2720 1350 2775 tamen
1381 2710 1599 2774 animo
1625 2711 1695 2774 id
1728 2718 1964 2792 ageret,
1991 2713 2165 2773 bono
2195 2712 2423 2794 utique

225 2812 324 2875 ille
349 2814 444 2875 vir
471 2815 725 2895 agebat.
1167 2873 1172 2877 .

303 2920 360 2977 4.
427 2915 563 2979 Sed
609 2923 777 2979 certe
823 2916 984 2977 mihi
1033 2916 1212 2979 nulla
1269 2914 1541 2978 dabatur
1597 2915 1787 2998 copia
1848 2913 2219 2978 sciscitandi
2279 2936 2423 2997 quae

226 3015 554 3097 cupiebam
590 3016 669 3079 de
703 3024 836 3079 tam
877 3025 1097 3081 sancto
1137 3018 1395 3080 oraculo
1439 3024 1552 3077 tuo
1584 3023 1843 3099 pectore
1883 3016 2080 3091 illius,
2110 3015 2237 3077 nisi
2276 3036 2423 3077 cum

225 3117 454 3199 aliquid
509 3118 788 3181 breviter
843 3127 1016 3181 esset
1071 3117 1478 3181 audiendum.
1582 3117 1807 3180 AEstus
1868 3124 2081 3179 autem
2138 3115 2236 3177 illi
2294 3116 2423 3177 mei

223 3218 482 3281 otiosum
527 3242 674 3282 eum
716 3219 922 3299 valde,
968 3219 1074 3282 cui
1124 3218 1623 3295 refunderentur,
1665 3217 2093 3301 requirebant,
2138 3238 2259 3280 nec
2303 3238 2421 3278 un-

226 3339 404 3401 quam
429 3321 862 3384 inveniebant.
950 3322 1041 3383 Et
1071 3342 1217 3383 eum
1263 3318 1527 3402 quidem
1568 3319 1636 3381 in
1674 3320 1919 3402 populo
1960 3318 2216 3380 verbum
2263 3320 2469 3381 veri-2
2491 3328 2617 3378 Tim.

225 3425 370 3484 tatis
394 3432 568 3486 recte
599 3431 988 3486 tractantem
1021 3422 1197 3484 omni
1227 3420 1332 3483 die
1361 3419 1687 3484 dominico
1718 3420 2057 3483 audiebam
2070 3443 2088 3497 ;
2132 3429 2195 3483 et
2213 3420 2421 3500 magis
2438 3397 2489 3451 ²⁸
2516 3396 2594 3443 ¹⁵·

223 3526 541 3610 magisque
567 3527 728 3588 mihi
759 3526 1252 3589 confirmabatur
1289 3545 1509 3587 omnes
1539 3531 1933 3587 versutarum
1962 3523 2421 3587 calumniarum

224 3626 434 3704 nodos,
482 3650 647 3712 quos
696 3628 792 3689 illi
846 3627 1222 3711 deceptores
1278 3626 1480 3688 nostri
1534 3625 1837 3689 adversus
1882 3624 2136 3687 divinos
2190 3624 2421 3686 Libros

224 3726 640 3805 innectebant,
697 3748 890 3811 posse
951 3727 1236 3791 dissolvi.
1333 3726 1468 3790 Ubi
1528 3748 1678 3789 vero
1738 3727 1931 3789 etiam
1992 3726 2275 3807 comperi
2338 3724 2421 3788 ad

223 3828 553 3909 imaginem
596 3838 772 3893 tuam
817 3830 1145 3892 hominem
1193 3850 1236 3891 a
1281 3836 1344 3890 te
1389 3828 1652 3904 factum,
1689 3848 1729 3889 a
1775 3826 2213 3908 spiritualibus
2264 3826 2419 3887 filiis

229 3932 343 3994 tuis
369 3954 532 4016 quos
563 3933 642 3996 de
671 3942 868 3997 matre
901 3932 1242 3996 Catholica
1267 3952 1384 4015 per
1415 3930 1681 4012 gratiam
1724 3929 2131 4010 regenerasti,
2162 3949 2293 3989 non
2324 3928 2416 3991 sie

309 4161 434 4211 'tant
529 4163 670 4221 Quod
714 4161 840 4211 enim
883 4162 1001 4210 utile
1055 4159 1277 4220 audieris,
1343 4159 1439 4208 tale
1458 4158 1624 4207 vitium
1652 4173 1735 4205 nos
1755 4172 1921 4205 cavere
1944 4156 2243 4221 praemonuit.
2291 4158 2414 4205 Cum

229 4176 346 4273 egen
367 4228 426 4276 ab
449 4227 666 4277 intestino
694 4226 934 4277 memoriae
969 4226 1030 4275 ad
1067 4241 1119 4273 os
1149 4226 1280 4287 cogi·
1343 4225 1470 4272 enim
1528 4223 1775 4271 thesaurus
1829 4222 2154 4270 desiderabilis
2197 4221 2259 4269 sit
2314 4220 2418 4286 ipsa

229 4290 403 4339 tationis
439 4291 715 4341 recordandi
751 4291 1004 4339 dulcedine
1043 4306 1278 4344 revocare,
1346 4288 1598 4353 sapientia.
1633 4288 1692 4334 de
1730 4286 1817 4334 hac
1854 4286 2086 4334 munditia
2128 4285 2414 4341 ruminandi,

230 4354 332 4416 quid
353 4363 420 4403 est
439 4356 567 4405 aliud
590 4372 734 4421 quam
757 4355 1026 4421 spiritaliter
1044 4355 1274 4419 quodam-
1342 4363 1391 4401 et
1422 4351 1722 4401 immunditia
1756 4366 1848 4400 non
1880 4351 2145 4400 ruminandi
2180 4349 2275 4397 alio
2311 4350 2417 4398 loco

229 4418 356 4467 modo
373 4422 636 4470 ruminare}
689 4420 834 4479 Quod
857 4419 1054 4485 quinon
1077 4418 1279 4475 faciunt,
1345 4418 1567 4483 scriptum
1604 4425 1692 4471 est,
1732 4416 1983 4464 Thesaurus
2014 4416 2313 4463 desiderabilis
2344 4431 2424 4463 rea

231 4482 401 4532 illorum
442 4484 715 4535 animalium
761 4500 930 4549 genere
989 4484 1274 4545 figurantur-2
1344 4486 1531 4546 quiescit
1556 4484 1605 4529 in
1628 4498 1702 4531 oro
1723 4483 1948 4543 sapientis,
1973 4482 2046 4527 vir
2075 4489 2224 4527 autem
2248 4480 2415 4527 stultia

231 4548 346 4597 unde
365 4550 465 4614 ipsa
487 4565 516 4599 ι
537 4550 714 4600 talibus
733 4550 956 4599 carnibus
986 4548 1276 4599 abstinentia
1340 4550 1486 4610 glutit
1513 4548 1661 4595 illum.
1696 4561 1737 4595 c.
1765 4546 1923 4594 Faust-
1946 4545 2008 4592 vi.
2032 4545 2079 4592 7.
