3042 5059
628 380 750 446 184
1179 375 1246 443 S.
1283 377 1799 448 AUGUSTINI
1846 377 2264 444 EPISCOPI

619 537 832 619 ipsum
864 532 1170 615 gaudium
1197 533 1396 598 vitam
1428 535 1685 599 beatam
1722 534 2002 598 vocant?
2050 533 2244 607 Quod
2280 533 2404 596 etsi
2440 529 2617 596 alius
2656 532 2822 609 hinc,

621 637 786 700 alius
813 635 994 698 illinc
1035 635 1415 718 assequitur,
1443 655 1645 697 unum
1682 645 1781 698 est
1816 643 2029 699 tamen
2068 656 2198 719 quo
2239 633 2570 716 pervenire
2610 652 2825 695 omnes

617 737 926 811 nituntur,
958 742 1032 797 ut
1059 732 1399 815 gaudeant.
1488 734 1652 806 Quae
1684 734 1988 818 quoniam
2014 756 2117 798 res
2144 743 2245 798 est
2272 755 2465 818 quam
2502 753 2576 796 se
2607 753 2825 814 exper-

619 845 756 900 tum
784 857 918 899 non
947 855 1090 898 esse
1109 855 1300 898 nemo
1319 843 1537 918 potest
1558 833 1791 912 dicere,
1808 844 2147 919 propterea
2164 843 2417 920 reperta
2432 835 2507 896 in
2528 833 2827 896 memoria

618 936 1116 1019 recognoscitur,
1147 935 1406 1019 quando
1431 937 1641 998 beatae
1672 935 1817 998 vitae
1846 957 2081 1000 nomen
2111 935 2386 999 auditur.

404 1057 576 1106 xxn.
705 1043 810 1102 32.
855 1037 1065 1115 Absit,
1096 1036 1396 1113 Domine,
1425 1037 1598 1099 absit
1638 1057 1681 1100 a
1722 1037 1913 1100 corde
1966 1037 2129 1100 servi
2179 1036 2295 1114 tui,
2324 1035 2439 1119 qui
2490 1033 2827 1098 confitetur

382 1122 542 1234 ξεῖ*
619 1139 769 1215 tibi3
815 1137 987 1201 absit
1007 1143 1080 1198 ut
1105 1157 1512 1219 quocumque
1545 1136 1781 1216 gaudio
1812 1136 2146 1218 gaudeam,
2166 1139 2429 1201 beatum
2456 1157 2569 1198 me
2594 1143 2821 1218 putem.

381 1261 510 1326 qap.
529 1256 576 1297 et
620 1241 746 1304 Est
794 1239 968 1301 enim
1013 1237 1332 1318 qaudium
1379 1235 1559 1319 quod
1600 1257 1729 1299 non
1780 1236 1967 1300 datur
2008 1239 2253 1317 impiis,
2298 1235 2414 1300 sed
2464 1236 2567 1298 eis
2612 1236 2726 1318 qui
2770 1245 2825 1298 te

382 1315 544 1441 {⁸:¹23
621 1340 818 1420 gratis
847 1341 1090 1414 colunt,
1121 1357 1390 1420 quorum
1427 1336 1734 1417 gaudium
1772 1345 1845 1400 tu
1874 1336 2011 1420 ipse
2042 1359 2129 1400 ee.
2220 1339 2313 1402 Et
2340 1338 2491 1420 ipsa
2516 1343 2624 1398 est
2650 1337 2829 1398 beata·

381 1457 466 1506 22.
547 1427 562 1449 ⁹
619 1440 753 1503 vita
801 1437 1078 1520 gaudere
1129 1436 1216 1500 ad
1265 1443 1349 1515 te,
1393 1434 1480 1499 de
1530 1445 1616 1512 te,
1642 1445 1905 1520 propter
1948 1444 2043 1514 te3
2094 1438 2241 1521 ipsa
2286 1445 2407 1516 est,
2448 1445 2520 1500 et
2563 1456 2699 1498 non
2740 1443 2827 1498 est

622 1544 820 1607 altera
827 1548 869 1604 ‘.
932 1540 1062 1613 Qui
1091 1547 1300 1603 autem
1321 1541 1510 1602 aliam
1529 1547 1762 1622 putant
1780 1559 1944 1616 esse,
1965 1540 2140 1603 aliud
2162 1548 2489 1604 sectantur
2504 1538 2825 1619 gaudium,

619 1664 830 1727 neque
851 1641 1068 1724 ipsum
1087 1660 1324 1703 verum.
1400 1641 1501 1703 Ab
1521 1640 1740 1723 aliqua
1754 1647 1969 1704 tamen
1988 1641 2269 1721 imagine
2292 1639 2517 1721 gaudii
2538 1639 2826 1702 voluntas

621 1765 842 1808 eorum
867 1763 1000 1804 non
1029 1742 1348 1805 avertitur.

395 1866 598 1915 xxnl.
707 1846 814 1906 33.
875 1844 937 1905 N
941 1863 1025 1904 on
1070 1861 1222 1922 ergo
1267 1848 1510 1904 certum
1550 1849 1653 1916 ,est
1696 1842 1874 1926 quod
1916 1863 2141 1912 omnes
2184 1864 2325 1906 esse
2366 1842 2547 1906 beati
2594 1843 2823 1920 volunt,

355 1931 542 2057 {2⁸02-
624 1944 928 2030 quoniam
969 1943 1081 2026 qui
1123 1963 1256 2006 non
1297 1941 1378 2004 de
1415 1949 1479 2004 te
1523 1943 1799 2022 gaudere
1838 1945 2083 2021 volunt,
2112 1965 2256 2028 quae
2302 1944 2441 2006 sola
2466 1943 2609 2006 vita
2650 1945 2828 2006 beata

383 2057 554 2132 quitur·
623 2053 742 2120 est,
767 2063 902 2106 non
931 2042 1156 2125 utique
1185 2041 1380 2104 vitam
1409 2044 1666 2106 beatam
1692 2045 1933 2107 volunt.
2022 2046 2126 2106 An
2156 2065 2377 2106 omnes
2406 2044 2535 2108 hoc
2572 2042 2822 2105 volunt?

382 2130 578 2234 §augam
623 2143 754 2209 Sed
791 2144 1095 2227 quoniam
1135 2163 1288 2204 caro
1323 2144 1721 2222 concupiscit
1758 2143 2063 2206 adversus
2102 2145 2434 2224 spiritum,
2461 2153 2529 2206 et
2556 2144 2828 2224 spiritus

385 2250 502 2325 vita,
525 2257 576 2298 et
621 2245 926 2308 adversus
967 2261 1232 2305 carnem
1275 2248 1354 2304 ut
1395 2263 1525 2304 non
1550 2243 1826 2324 faciant
1868 2243 2040 2326 quod
2078 2245 2321 2320 volunt,
2364 2243 2614 2307 cadunt
2655 2243 2724 2305 in
2762 2241 2827 2304 id

384 2313 502 2428 gxi,
522 2380 574 2436 ⁶,
625 2346 802 2433 quod
821 2346 1058 2421 valent,
1081 2365 1288 2428 eoque
1318 2346 1605 2408 contenti
1636 2353 1817 2422 sunt3
1858 2346 2013 2429 quia
2036 2345 2200 2408 illud
2228 2345 2403 2429 quod
2432 2367 2567 2410 non
2599 2347 2823 2421 valent,

391 2441 466 2490 ¹⁷·
619 2469 754 2511 non
783 2454 1032 2510 tantum
1063 2446 1308 2522 volunt,
1333 2454 1646 2529 quantum
1679 2454 1781 2510 sat
1808 2453 1907 2508 est
1932 2455 2007 2510 ut
2030 2449 2289 2510 valeant
2301 2443 2333 2509 ¹.
2410 2449 2585 2510 Nam
2618 2467 2823 2530 quaero

623 2551 706 2612 ab
745 2546 1044 2612 omnibus
1083 2553 1294 2609 utrum
1335 2546 1565 2610 malint
1600 2545 1681 2608 de
1710 2546 1972 2611 veritate
2008 2567 2203 2631 quam
2240 2547 2321 2610 de
2358 2547 2639 2610 falsitate
2679 2567 2821 2627 gau-

623 2650 801 2713 dere:
849 2657 980 2711 tam
1009 2669 1140 2710 non
1171 2646 1470 2709 dubitant
1497 2646 1711 2710 dicere
1741 2646 1821 2710 de
1849 2648 2113 2711 veritate
2144 2669 2214 2710 se
2242 2649 2454 2725 malle,
2473 2669 2674 2732 quam
2698 2667 2823 2709 non

624 2749 924 2812 dubitant
964 2747 1174 2810 dicere
1215 2748 1440 2811 beatos
1483 2769 1625 2811 esse
1670 2769 1741 2812 se
1784 2749 1962 2812 velle.
2051 2750 2260 2813 Beata
2288 2749 2532 2833 quippe
2560 2749 2703 2811 vita
2732 2755 2823 2811 est

387 2875 504 2928 soh.
526 2878 606 2936 14,
625 2850 932 2932 gaudium
962 2849 1042 2912 de
1063 2848 1345 2912 veritate.
1403 2849 1559 2911 Hoc
1588 2855 1687 2911 est
1714 2848 1885 2912 enim
1916 2847 2220 2929 gaudium
2250 2848 2330 2912 de
2360 2856 2424 2911 te
2446 2848 2561 2932 qui
2590 2850 2822 2910 veritas

385 2943 437 2991 ⁶·
621 2974 708 3029 es,
765 2952 946 3014 Deus
1001 2951 1400 3013 illuminatio
1445 2971 1616 3026 mea,
1668 2952 1846 3012 salus
1880 2952 2100 3033 faciei
2156 2971 2332 3027 mene,
2378 2951 2561 3013 Deus
2630 2969 2817 3011 meus.

384 3020 584 3142 ¹:3⁸'4215'
627 3053 821 3116 Hanc
844 3052 1041 3114 vitam
1067 3052 1324 3114 beatam
1351 3071 1575 3113 omnes
1602 3051 1845 3127 volunt,
1873 3050 2043 3114 hanc
2072 3050 2269 3113 vitam
2299 3071 2443 3133 quae
2475 3050 2615 3112 sola
2642 3051 2821 3111 beata

387 3149 465 3195 ¹¹·
626 3159 724 3215 est
751 3172 974 3215 omnes
995 3152 1242 3227 volunt,
1265 3150 1574 3232 gaudium
1604 3149 1684 3214 de
1712 3150 1975 3214 veritate
1996 3171 2219 3214 omnes
2240 3151 2517 3212 volunt⁸.
2578 3149 2821 3210 Multos

624 3257 930 3335 expertus
975 3272 1116 3312 sum
1155 3250 1268 3334 qui
1306 3252 1544 3314 vellent
1584 3251 1839 3328 fallere3
1888 3251 2000 3334 qui
2044 3258 2256 3314 autem
2298 3249 2458 3328 falli,
2484 3246 2816 3311 neminem.

625 3351 764 3414 Ubi
785 3371 936 3432 ergo
955 3358 1270 3412 noverunt
1293 3350 1464 3413 hanc
1486 3351 1686 3414 vitam
1713 3352 1989 3428 beatam,
2004 3351 2133 3414 nisi
2160 3350 2275 3413 ubi
2302 3356 2619 3412 noverunt
2638 3348 2819 3412 etiam

623 3447 992 3514 veritatem?
1057 3450 1297 3513 Amant
1323 3449 1494 3513 enim
1526 3458 1591 3512 et
1614 3450 1845 3532 ipsam,
1868 3448 2063 3534 quia·
2080 3452 2219 3514 falli
2246 3451 2494 3512 nolunt.
2560 3450 2656 3510 Et
2682 3468 2817 3511 cum

625 3557 842 3612 amant
887 3550 1138 3611 beatam
1188 3549 1379 3612 vitam
1423 3548 1600 3633 quod
1647 3571 1780 3612 non
1830 3558 1929 3613 est
1976 3550 2154 3614 alind
2176 3623 2183 3630 ¹
2204 3571 2399 3635 quam
2443 3549 2525 3612 de
2566 3548 2816 3612 veritate

627 3647 952 3730 gaudium,
995 3649 1220 3731 utique
1271 3657 1487 3711 amant
1536 3650 1729 3712 etiam
1774 3651 2142 3728 veritatem3
2202 3671 2323 3715 nee
2370 3656 2656 3714 amarent
2699 3647 2816 3710 nisi

625 3755 795 3812 esset
823 3748 1040 3831 aliqua
1068 3747 1300 3812 notitia
1327 3746 1466 3830 ejus
1493 3748 1563 3809 in
1592 3751 1899 3813 memoria
1926 3771 2164 3813 eorum.
2244 3751 2379 3814 Cur
2404 3770 2558 3830 ergo
2584 3769 2717 3812 non
2744 3746 2816 3810 de

625 3850 738 3914 illa
775 3848 1096 3932 gaudent?
1144 3871 1259 3913 cur
1293 3863 1426 3913 non
1467 3852 1641 3915 beati
1678 3852 1867 3917 sunt?
1956 3853 2131 3925 Quia
2166 3852 2393 3914 fortius
2431 3857 2818 3932 occupantur

623 3951 695 4014 in
737 3951 880 4014 aliis
922 3972 1068 4034 quae
1112 3950 1330 4033 potius
1371 3972 1484 4014 eos
1525 3951 1772 4016 faciunt
1818 3953 2106 4030 misci-oe,
2150 3971 2345 4034 quam
2391 3949 2557 4012 illud
2602 3950 2816 4011 beatos

627 4050 804 4135 quod
852 4053 1126 4114 tenuiter
1171 4051 1595 4114 meminerunt
1604 4047 1649 4114 ¹¹.
1738 4051 1969 4118 Adhuc
2016 4053 2190 4116 enim
2234 4048 2563 4114 modicum
2610 4051 2815 4112 lumen

691 4276 716 4304 ⁶
751 4271 978 4334 Quisquis
992 4272 1117 4322 enim
1136 4273 1302 4323 fruitur
1323 4289 1380 4323 eo
1401 4273 1529 4338 quod
1544 4282 1691 4347 amat,
1820 4268 1843 4308 ¹
1877 4273 1993 4350 Vid.
2012 4289 2123 4338 sup.
2141 4273 2177 4322 1.
2198 4258 2364 4321 viii-⁰0.
2389 4273 2437 4320 8.
2458 4271 2549 4320 sub
2570 4271 2654 4320 fin.

624 4343 948 4447 affidare:
965 4338 1693 4466 :ffssffimpgffingesssstfflg
1820 4342 1847 4439 ἶ
1881 4337 2199 4450 gssilssffuss
2216 4337 2423 4464 ffi'quod
2437 4398 2593 4448 miseri
2612 4397 2813 4446 homines

624 4461 685 4513 de
705 4460 849 4509 civit.
873 4463 984 4522 Dei,
1004 4463 1043 4513 1.
1061 4462 1157 4513 viii.
1175 4479 1218 4512 c·
1237 4465 1290 4513 9.
1757 4479 1850 4514 nou
1893 4463 2216 4531 adipiscuntur
2254 4465 2385 4528 quod
2429 4463 2611 4521 volunt,
2648 4461 2700 4510 id
2736 4469 2813 4517 eut,
