3042 5059
432 896 465 942 5

680 379 792 438 48⁴
1245 350 1859 440 S.AUGUST1N1
1906 374 2322 440 EP1scoP1

761 536 821 593 5.
866 532 1028 594 Erat
1061 551 1138 599 eo
1178 539 1460 615 tempore
1497 532 1597 593 vir
1634 552 1837 613 sagax
1854 538 1900 610 ⁸,
1928 530 2197 595 medicae
2242 532 2396 595 artis
2441 533 2892 615 peritissimuS,

673 640 866 715 atque
892 632 962 695 in
991 654 1070 697 ea
1105 633 1565 709 nobilissimuS,
1598 632 1711 716 qui
1749 630 2173 717 proconsule*
2202 647 2398 696 manu
2430 654 2545 697 sua
2584 656 2892 699 coronam

669 733 848 796 illam
874 733 1294 814 agonisticam
1322 732 1713 817 imposuerat
1737 755 1870 796 non
1898 754 2057 796 sano
2085 734 2283 817 capiti
2310 756 2478 813 meo,
2510 734 2626 799 sed
2654 758 2789 799 non
2820 746 2894 799 ut

438 830 588 881 1Pet.
605 834 654 891 5,
672 834 978 897 medicus.
1070 836 1242 897 Nam
1279 835 1456 898 illius
1494 835 1702 898 morbi
1746 842 1817 898 tu
1852 844 2125 913 sanator,
2157 834 2269 918 qui
2298 838 2545 899 resistis
2571 838 2889 918 superbis,

431 930 554 1071 ἔξω..
567 960 616 1019 4,
672 936 1024 999 humilibus
1065 945 1285 1000 autem
1331 937 1450 999 das
1485 939 1796 1017 qratiam.
1888 934 2224 1020 Numquid
2266 946 2481 1000 tamen
2526 938 2723 1001 etiam
2768 962 2891 1022 per

671 1037 854 1100 illum
883 1060 1098 1101 senem
1127 1038 1386 1101 defuisti
1423 1038 1607 1115 mihi,
1638 1044 1750 1102 aut
1786 1036 2085 1101 destitisti
2120 1037 2360 1101 mederi
2405 1040 2635 1103 animae
2674 1040 2885 1104 meae?

556 1139 566 1149 “
673 1140 846 1211 Quia
892 1138 1062 1203 enim
1119 1139 1327 1203 factus
1385 1140 1447 1203 ei
1503 1160 1675 1203 eram
1732 1138 2119 1217 familiarior,
2170 1145 2237 1201 et
2286 1137 2423 1223 ejus
2482 1142 2888 1205 sermonibus

676 1238 878 1316 (erant
917 1241 1088 1303 enim
1133 1240 1270 1303 sine
1312 1243 1647 1304 verborum
1686 1241 1865 1303 cultu
1906 1239 2245 1303 vivacitate
2290 1241 2747 1305 sententiarum
2781 1244 2886 1327 ju-

673 1342 868 1405 cundi
911 1351 976 1406 et
1010 1345 1254 1425 graves)
1289 1342 1587 1407 assiduus
1629 1350 1695 1405 et
1728 1341 1904 1405 fixus
1942 1342 2373 1419 inhaerebam3
2424 1343 2539 1405 ubi
2578 1346 2889 1424 cog-novit

671 1465 756 1507 ex
809 1445 1130 1528 colloquio
1187 1465 1330 1507 meo
1388 1444 1571 1508 libris
1630 1443 2171 1525 genethliacorum
2228 1465 2367 1507 esse
2418 1466 2521 1509 me
2571 1444 2885 1524 deditum,

668 1546 948 1627 benigne
977 1568 1053 1609 ac
1080 1556 1343 1628 paterne
1385 1546 1636 1609 monuit
1670 1554 1744 1609 ut
1780 1566 1891 1609 eos
1932 1544 2293 1629 abjicerem,
2318 1566 2532 1629 neque
2570 1567 2793 1609 curam
2822 1556 2887 1611 et

670 1670 930 1732 operam
977 1651 1168 1713 rebus
1213 1649 1482 1713 utilibus
1532 1649 1975 1727 necessariam,
2025 1649 2123 1711 illi
2172 1650 2437 1723 vanitati
2482 1650 2719 1713 frustra
2765 1651 2882 1713 im-

668 1749 1052 1833 penderem:
1100 1751 1323 1816 dicens
1351 1751 1442 1815 ita
1470 1773 1541 1815 se
1566 1752 1743 1815 illam
1788 1750 2111 1830 didicisse,
2140 1760 2213 1814 ut
2242 1750 2380 1835 ejus
2416 1750 2881 1835 professionem

667 1851 891 1933 primis
921 1851 1106 1914 annis
1137 1852 1344 1915 aetatis
1383 1874 1514 1915 suae
1560 1852 1799 1916 deferre
1836 1852 2159 1929 voluisset,
2192 1872 2323 1935 qua
2348 1852 2550 1915 vitam
2580 1852 2879 1933 degeret3

669 1959 736 2013 et
761 1952 816 2015 si
848 1952 1316 2035 Hippocratem
1345 1953 1789 2031 intellexisset,
1809 1961 1875 2015 et
1900 1954 2045 2017 illas
2072 1954 2297 2037 utique
2326 1954 2569 2037 litteras
2587 1954 2880 2037 potuisse

667 2051 1091 2135 intelligere*:
1157 2062 1222 2116 et
1261 2062 1476 2117 tamen
1510 2075 1643 2118 non
1688 2056 1772 2118 ob
1818 2054 2009 2118 aliam
2053 2077 2311 2119 causam
2351 2077 2419 2118 se
2458 2062 2709 2137 postea,
2752 2054 2880 2117 illis

666 2154 929 2232 relictis,
956 2154 1340 2219 medicinam
1380 2164 1763 2233 assecutum,
1790 2156 1916 2219 nisi
1948 2155 2123 2239 quod
2153 2178 2263 2220 eas
2290 2155 2665 2219 falsissimas
2704 2176 2878 2219 com-

665 2256 960 2339 perisset,
1005 2264 1072 2318 et
1115 2257 1319 2319 nollet
1365 2255 1467 2319 vir'
1512 2258 1720 2338 gravis
1772 2256 2170 2341 decipiendis
2213 2257 2585 2320 hominibus
2636 2256 2878 2319 victum

669 2378 965 2441 quaerere.
1053 2358 1214 2445 “At
1251 2366 1344 2437 tu,
1392 2358 1627 2442 inquit,
1671 2380 1799 2442 quo
1844 2366 1907 2421 te
1951 2358 2021 2421 in
2070 2358 2439 2421 hominibus
2490 2364 2814 2421 sustentas
2826 2355 2877 2434 ⁴⁵,

667 2460 708 2491 “
735 2450 1118 2522 rhetoricam
1160 2466 1378 2537 tenes3
1421 2461 1593 2523 hanc
1630 2468 1843 2523 autem
1884 2460 2203 2524 fallaciam
2238 2461 2440 2524 libero
2478 2460 2717 2538 studio,
2748 2481 2876 2522 non

666 2560 706 2592 ‘⁶
736 2561 1114 2627 necessitate
1141 2562 1234 2625 rei
1261 2561 1593 2625 familiaris
1614 2562 1904 2638 sectaris3
1946 2584 2074 2647 quo
2105 2562 2311 2643 magis
2338 2562 2500 2625 mihi
2528 2570 2591 2625 te
2624 2570 2877 2644 oportet

665 2663 706 2694 “
737 2661 818 2725 de
868 2662 982 2725 illa
1029 2661 1305 2741 credere,
1357 2662 1470 2747 qui
1529 2684 1669 2726 eam
1718 2671 1851 2726 tam
1900 2664 2179 2748 perfecte
2231 2663 2473 2727 discere
2524 2664 2871 2739 elaboravi,

664 2764 705 2796 “
736 2785 932 2847 quam
961 2784 1046 2825 ex
1075 2784 1154 2827 ea
1181 2765 1318 2827 sola
1343 2764 1555 2827 vivere
1584 2765 1817 2827 volui.”
1908 2768 1960 2829 A
1994 2788 2125 2850 quo
2155 2788 2275 2846 ego
2308 2786 2454 2847 cum
2493 2764 2872 2848 quaesissem

663 2887 807 2950 quae
849 2886 1045 2929 causa
1085 2886 1237 2947 ergo
1270 2864 1525 2951 faceret»
1548 2872 1622 2929 ut
1660 2869 1862 2930 multa
1897 2867 2049 2930 inde
2088 2890 2237 2930 vera
2272 2866 2869 2950 pronuntias-cutum

657 2964 990 3050 respondit
1015 2966 1147 3047 ille,
1175 2974 1249 3031 ut
1273 2967 1505 3050 potuit,
1536 2968 1666 3030 vim
1696 2968 1884 3031 sortis
1911 2969 2037 3032 hoc
2066 2969 2271 3032 facere
2299 2967 2369 3029 in
2398 2989 2605 3029 rerum
2645 2977 2871 3029 natura

657 3090 1122 3153 usquequaque
1170 3068 1488 3132 diffusam.
1581 3069 1652 3132 Si
1701 3069 1872 3159 enim
1924 3069 2003 3133 de
2053 3066 2351 3154 paginis*
2396 3077 2607 3152 poetae
2652 3068 2866 3153 cujus-

655 3171 832 3254 piam
864 3172 1056 3252 longe
1095 3170 1274 3247 aliud
1313 3171 1603 3235 canentis
1644 3179 1836 3255 atque
1876 3170 2286 3248 intendentiS,
2327 3192 2475 3235 cum
2521 3170 2683 3233 sorte
2726 3170 2871 3254 quis

657 3273 954 3349 consulit,
996 3270 1368 3336 mirabiliter
1424 3294 1743 3335 consonus
1801 3272 2061 3353 negotio
2122 3286 2294 3357 saepe
2352 3293 2571 3335 versus
2628 3272 2867 3348 exiret3

654 3372 1014 3436 mirandum
1059 3393 1190 3436 non
1233 3394 1374 3436 esse
1424 3372 1700 3451 dicebat,
1738 3374 1796 3437 si
1832 3396 1918 3437 ex
1956 3374 2171 3437 anima
2209 3374 2510 3451 humana,
2540 3373 2869 3456 superiore

538 3551 554 3563 .
654 3473 873 3558 aliquo
900 3474 1229 3550 instinctu,
1258 3474 1587 3538 nesciente
1618 3474 1777 3559 quid
1805 3476 1875 3537 in
1904 3497 1971 3538 se
2003 3474 2203 3553 fieret,
2231 3496 2364 3537 non
2392 3482 2523 3538 arte
2556 3474 2673 3537 sed
2702 3485 2870 3537 sorte

655 3582 908 3639 sonaret
935 3574 1181 3658 aliquid
1210 3575 1384 3659 quod
1414 3575 1863 3657 interrogantis
1890 3579 2081 3640 rebus
2110 3576 2425 3660 factisque
2457 3575 2845 3639 concineret.

739 3679 800 3737 6.
847 3678 937 3739 Et
955 3677 1081 3739 hoc
1111 3676 1371 3760 quidem
1403 3679 1484 3740 ab
1515 3677 1627 3739 illo
1658 3679 1761 3739 vel
1789 3700 1904 3761 per
1928 3678 2110 3741 illum
2138 3678 2491 3761 procurasti
2520 3676 2701 3741 mihi.
2777 3678 2871 3739 Et

653 3776 811 3861 quid
852 3777 994 3861 ipse
1035 3786 1262 3861 postea
1303 3800 1420 3861 per
1461 3773 1779 3862 meipsum
1826 3802 2192 3864 quaererem,
2244 3781 2313 3842 in
2361 3778 2671 3842 memoria
2719 3800 2867 3841 mea

650 3878 1002 3942 delineasti.
1092 3880 1277 3942 Tunc
1320 3889 1534 3943 autem
1573 3902 1693 3943 nec
1722 3864 1894 3963 ipse,
1923 3901 2044 3944 nec
2076 3881 2487 3945 charissimus
2516 3901 2699 3943 meus
2731 3880 2864 3941 Ne-

646 3979 914 4058 bridius,
966 3981 1338 4045 adolescens
1394 3981 1579 4044 valde
1634 3984 1844 4044 bonus
1896 3991 1961 4046 et
2000 3980 2186 4045 valde
2232 3977 2547 4057 casms”·,
2590 3980 2865 4043 irridens

645 4092 849 4147 totum
887 4084 1048 4147 illud
1093 4083 1504 4148 divinationis
1545 4106 1767 4165 geum,
1807 4083 2189 4166 persuadere
2218 4084 2378 4145 mihi
2407 4090 2758 4166 potuerunt
2794 4090 2867 4143 ut

644 4184 1184 4269 haec·abjicerem:
1235 4186 1539 4270 quoniam
1556 4207 1659 4247 me
1682 4185 1957 4267 amplius
1977 4186 2265 4269 ipsorum
2287 4193 2615 4249 auctorum
2644 4206 2861 4247 move-

645 4288 760 4351 bat
788 4287 1164 4364 auctoritas3
1211 4296 1275 4350 et
1302 4288 1551 4350 nullum
1592 4294 1833 4351 certum
1874 4290 2061 4371 quale
2104 4289 2471 4371 quaerebam
2510 4285 2859 4349 documen-

713 4416 738 4455 ε
775 4411 980 4466 Scilicet.
1039 4408 1356 4477 vindicianus
1410 4427 1468 4459 ex
1522 4410 1721 4459 nomine
1787 4411 2142 4468 Marcellinum,
2165 4412 2289 4461 n.3.
2314 4409 2493 4476 (Beu.)

648 4484 811 4541 postea
843 4476 1120 4539 designatus
1156 4476 1240 4526 lib.
1271 4477 1320 4526 7.
1355 4492 1460 4541 cap.
1494 4476 1541 4524 6.
1578 4484 1628 4523 et
1660 4476 1721 4524 ab
1854 4476 1879 4515 h
1914 4476 2024 4527 Vid.
2046 4492 2154 4542 sup.
2170 4478 2221 4543 ‘§.
2242 4478 2291 4525 3.
2314 4484 2409 4525 not.
2438 4476 2484 4525 d.

651 4540 921 4605 Augustino
960 4540 1188 4589 laudatus
1224 4539 1274 4587 in
1317 4540 1469 4605 Epist.
1510 4541 1621 4589 138.
1660 4540 1721 4588 ad
