3042 5059
639 396 1362 477 CONFESSIONUM
1405 408 1695 473 LIBER
1736 410 1867 473 ΙΙΙ.

2279 415 2357 473 41

150 569 416 634 tandei:
461 588 609 653 quae
651 567 984 653 particulae
1027 565 1261 629 summi
1304 572 1370 627 et
1395 565 1529 627 veri
1558 565 1687 629 Dei
1728 564 1945 646 ligatae
1988 565 2259 629 fiiissent
2292 566 2365 628 in

151 673 268 734 illo
297 691 518 754 pomo,
546 668 676 731 nisi
703 667 924 731 electi'
951 666 1158 730 sancti
1202 664 1392 729 dente
1421 686 1496 729 ac
1534 673 1757 729 ventre
1788 666 2194 728 solverentur.
2276 668 2369 731 Et

152 770 404 835 credidi
431 771 628 833 miser
651 768 858 859 magis
887 788 1028 830 esse
1055 764 1555 830 misericordiam
1587 766 2015 849 praestandam
2054 766 2367 830 fructibus

149 881 361 949 terrae,
407 892 602 955 quam
643 869 1036 944 hominibus,
1077 876 1340 952 propter
1382 888 1549 950 quos
1588 877 2015 931 nascerentur.
2104 867 2175 931 Si
2220 868 2369 951 quis

153 973 328 1035 enim
403 972 692 1035 esuriens
706 975 726 1001 ⁸
776 976 1038 1053 peteret,
1097 968 1209 1051 qui
1265 968 1677 1033 Manichaeus
1731 989 1863 1031 non
1932 976 2121 1046 esset,
2181 968 2367 1051 quasi

156 1142 411 1207 perhibent
431 1158 534 1191 esse
558 1140 889 1190 commixtam:
938 1156 1082 1204 quam
1117 1156 1228 1205 pur-

155 1207 259 1271 gari
302 1215 475 1270 putant
516 1206 568 1254 in
614 1207 791 1254 Electis
831 1204 928 1253 suis
963 1220 1020 1253 eo
1059 1220 1231 1268 genere

157 1272 288 1326 vitae,
309 1286 406 1335 quo
443 1270 607 1319 vivunt
645 1270 796 1319 Electi
835 1269 1229 1326 Manichaeorum,

157 1336 288 1384 velut
311 1335 524 1384 sanctius
541 1345 590 1384 et
602 1335 909 1383 excellentius
923 1333 1234 1383 Auditoribus

157 1401 272 1448 suis.
361 1401 494 1449 Nam
527 1400 603 1447 his
633 1399 818 1448 duabus
883 1398 1231 1455 rofessionibus,

156 1464 246 1513 hoc
268 1473 344 1513 est
369 1466 640 1515 Electomm
673 1472 721 1511 et
748 1464 826 1511 Au
864 1465 1049 1516 itorum.
1071 1463 1227 1511 eccle·

157 1530 272 1577 siam
297 1545 436 1577 suam
452 1538 666 1578 constare
685 1528 944 1586 voluerunt.
980 1528 1041 1575 In
1058 1527 1230 1575 ceteris

157 1602 314 1642 autem
350 1594 639 1648 bominibus,
662 1592 805 1640 etiam
841 1592 890 1639 in
923 1590 1040 1657 ipsis
1073 1591 1228 1640 Audi·

158 1658 338 1706 toribus
353 1659 471 1715 suis,
485 1659 609 1705 hanc
622 1666 801 1721 partem
813 1656 950 1705 bonai
965 1656 1230 1721 divineque

163 1721 447 1770 substantias
491 1738 601 1785 quae
643 1721 790 1769 mixta
833 1729 882 1768 et
919 1721 1143 1783 colligata
1179 1720 1230 1767 in

157 1787 278 1834 escis
299 1796 352 1835 et
370 1786 562 1851 potibus
583 1785 838 1839 detinetur.
861 1785 1160 1849 maximeque
1185 1784 1232 1831 in

159 1851 229 1898 eis
249 1851 332 1915 qui
358 1858 588 1913 generant
608 1849 747 1907 filios,
771 1852 919 1897 artius
944 1858 993 1897 et
1013 1850 1235 1913 inquina-

158 1914 256 1963 tius
286 1915 506 1978 colligari
538 1921 725 1980 putant.
777 1913 864 1977 (de
899 1914 1058 1974 Haer.)
1126 1912 1237 1962 Cibi

159 1978 326 2043 quide
351 1980 568 2042 frugibus
590 1987 640 2027 et
721 1979 812 2026 mis
842 1987 1084 2043 parantur,
1106 1977 1144 2025 si
1175 1977 1238 2025 ad

159 2051 368 2099 sanctos.
381 2043 430 2091 id
446 2053 534 2101 est,
549 2042 607 2091 ad
683 2040 919 2091 anicbaeos
931 2044 1136 2098 veniant,
1152 2058 1235 2107 per

161 2123 326 2157 eorum
349 2107 614 2156 castitatem
637 2116 684 2155 et
705 2106 938 2155 orationes
959 2116 1007 2154 et
1061 2106 1236 2154 salmos

161 2171 397 2237 quidquid
415 2173 462 2219 in
481 2172 548 2220 eis
561 2179 633 2219 est
649 2172 940 2221 luculentum
957 2180 1006 2217 et
1056 2171 1232 2218 ivinum

162 2246 414 2301 purgatur,
430 2236 479 2284 id
498 2245 588 2292 est,
598 2252 657 2284 ex
679 2235 805 2283 omni
827 2244 959 2300 parte
977 2234 1233 2299 perficitur,

163 2311 217 2350 ut
255 2302 323 2349 ad
359 2316 506 2365 regna
573 2301 726 2364 ropria
756 2299 858 2349 sine
891 2300 995 2348 ulla
1025 2300 1232 2348 sordium

163 2365 447 2415 difficultate
482 2381 528 2413 re
550 2374 723 2413 eratur.
779 2364 838 2412 de
873 2380 985 2413 mor.
1017 2364 1232 2413 Manich.

165 2430 218 2477 ii.
245 2432 323 2479 15.
393 2430 769 2492 Nos,inquiunt‚
799 2429 912 2492 quia
947 2428 1040 2475 fide
1072 2426 1234 2475 Mani-

164 2493 286 2542 chaei
328 2494 586 2543 illuminati
630 2508 807 2549 sumus,
843 2492 1130 2542 orationibus
1185 2502 1235 2541 et

164 2559 363 2623 psalmis
395 2560 579 2613 nostris,
614 2562 696 2621 qui
727 2557 880 2606 Electi
913 2573 1091 2611 sumus,
1126 2572 1235 2622 pur-

167 2639 342 2686 garnus
365 2622 477 2671 inde
498 2622 646 2671 vitam
701 2638 774 2671 uae
794 2630 868 2670 est
897 2620 946 2668 in
983 2622 1066 2669 illo
1094 2636 1236 2687 pane,

163 2695 214 2735 et
229 2688 466 2737 mittimus
487 2686 617 2735 illam
641 2702 670 2734 a
725 2687 966 2736 thesauros
995 2686 1239 2735 caelorum.

163 2753 312 2800 Tales
333 2762 446 2801 sunt
468 2750 639 2805 Electi.
664 2762 714 2799 ut
738 2766 831 2800 non
855 2751 950 2798 sint
968 2751 1184 2799 salvandi
1209 2766 1238 2799 a

165 2817 296 2874 Deo,
335 2816 426 2867 sed
456 2816 712 2865 salvatores
747 2815 860 2864 Dei.
927 2816 991 2863 Et
1027 2816 1130 2879 ipse
1161 2824 1234 2863 est

167 2880 403 2936 Christus,
459 2881 648 2941 dicunt,
707 2879 956 2929 crucifixus
1020 2880 1070 2927 in
1137 2888 1235 2928 toto

168 2944 363 2993 mundo.
431 2945 537 3006 Ego
562 2945 610 2993 in
645 2944 908 3007 Evangelio
943 2942 1232 2992 Salvatorem

170 3024 448 3074 acceperam
473 3010 735 3067 Christum,
760 3025 842 3057 vos
871 3016 1028 3056 autem
1051 3008 1166 3057 estis
1187 3010 1235 3061 in

169 3073 301 3121 libris
324 3074 491 3123 vestris
513 3074 769 3123 salvatores
791 3071 987 3123 Christi.
1041 3073 1164 3137 Aug.
1187 3072 1235 3121 in

171 3140 256 3187 Ps.
278 3138 308 3185 l.
333 3154 379 3187 c.
1129 3152 1134 3157 ·

231 3209 258 3248 <l
291 3203 438 3261 Quod
485 3220 560 3262 ea,
609 3218 715 3266 quoe
765 3202 898 3252 vobis
983 3202 1086 3252 uasi
1127 3218 1238 3269 pur·

171 3266 328 3329 ganda
345 3268 608 3317 offeruntur
622 3267 683 3317 ad
757 3267 878 3321 ulas.
894 3284 953 3315 ne
976 3283 1028 3315 as
1046 3268 1238 3332 putatis,

170 3331 208 3378 si
229 3331 339 3395 quis
361 3334 483 3381 alius
505 3340 673 3396 praeter
695 3283 886 3380 {Rectus
904 3331 966 3379 ad
983 3331 1239 3380 cibandum

170 3396 394 3459 tetigerit,
486 3406 644 3445 uantae
694 3394 1000 3461 turpitudinis
1050 3406 1099 3445 et
1153 3397 1241 3445 ali-

169 3460 367 3525 quando
389 3476 468 3510 sce
489 3462 580 3509 eris
601 3460 796 3526 plenum
825 3462 928 3509 est?
993 3460 1237 3537 Siquidem

167 3540 308 3638 23¹2?
333 3525 664 3655 Ϊέἑηέῗῖὲῗῃ
687 3525 888 3655 3ξὲξὲἷῖ
933 3533 999 3638 ἓξ
1017 3540 1244 3651 ξὲἓίῗέἓ

171 3654 480 3717 sacrilegium
537 3662 712 3708 utatur.
739 3654 812 3702 vel
837 3654 945 3702 aliis
964 3654 1094 3710 dare,
1116 3654 1243 3717 quod

167 3718 428 3775 redundat,
452 3672 536 3769 vei>
564 3727 690 3767 certe
713 3718 936 3782 abjicere,
961 3718 1011 3765 in
1045 3732 1244 3781 magnas

165 3782 512 3831 contrudimini
567 3782 843 3844 cruditates,
887 3790 1057 3838 toturn,
1109 3783 1238 3846 quod

167 3847 337 3895 datum
393 3854 485 3901 est.
534 3848 670 3910 quasi
722 3862 924 3913 purgare
975 3847 1239 3911 cupientes.

169 3912 284 3959 Jam
321 3927 437 3961 vero
471 3911 681 3970 distenti,
715 3923 765 3959 et
797 3928 938 3977 prope
974 3921 1236 3977 crepantes,

169 3991 266 4031 eos,
313 3974 400 4040 qui
453 3976 544 4024 sub
602 3984 754 4024 vestra
805 3975 1057 4043 disciplina
1110 3984 1236 4031 sunt.

170 4056 342 4105 pueros
387 4039 450 4087 ad
492 4040 765 4089 devoranda
817 4042 1003 4105 reliqua
1059 4040 1238 4089 crudeli

172 4103 494 4153 dominatione
530 4104 828 4170 compellitis,
863 4106 932 4153 ita
967 4114 1018 4153 ut
1050 4104 1240 4154 cuidam

171 4169 232 4216 sit
267 4168 436 4217 Romae
465 4168 722 4232 objectum,
744 4170 871 4233 quod
908 4170 1099 4218 miseros
1133 4184 1239 4233 par-

174 4234 310 4281 vulos
329 4235 542 4296 cogendo
564 4234 626 4283 ad
646 4234 932 4283 vescendum
963 4234 1046 4283 tali
1079 4250 1240 4299 super-

172 4298 360 4347 stitione
384 4300 639 4349 necaverit.
706 4298 850 4357 Quod
872 4316 966 4348 non
983 4299 1240 4355 crederem,

175 4362 262 4410 nisi
285 4362 473 4419 scirem,
494 4372 723 4427 quantum
748 4364 882 4413 nefas
910 4380 1015 4413 esse
1047 4364 1242 4413 arbitre-

174 4427 309 4485 mini,
335 4428 409 4475 vel
431 4428 538 4476 aliis
571 4428 674 4476 haec
705 4428 836 4486 dare,
858 4429 938 4493 qui
965 4428 1116 4477 Electi
1151 4444 1245 4476 non

173 4500 304 4549 sunt,
324 4492 402 4539 vel
423 4500 552 4540 certe
572 4491 863 4557 projicienda
879 4508 1058 4542 curare.
1100 4492 1244 4541 Unde

175 4553 264 4605 illa
297 4556 524 4606 vescendi
557 4556 815 4608 necessitas
849 4565 992 4607 restat
1025 4572 1132 4621 qnae
1161 4556 1242 4614 ad,

1293 1140 1609 1207 turpissimam
1636 1140 1961 1191 crudelitatem
1980 1155 2118 1205 paene
2133 1139 2367 1205 qnotidie.

1294 1206 1553 1269 aliquando
1575 1214 1735 1255 tamen
1757 1214 1909 1281 potest
1932 1215 1979 1255 et
2000 1220 2151 1269 usque
2188 1205 2249 1253 ad
2284 1206 2367 1254 ho-

1304 1271 1546 1319 micidium
1591 1286 1850 1336 pervenire.
1940 1274 2068 1334 Aug.
2124 1270 2185 1319 de
2243 1285 2362 1319 mor.

1301 1336 1521 1384 Manich.
1559 1351 1605 1385 c.
1654 1337 1728 1383 15.
1766 1335 1829 1383 cf.
1862 1350 1907 1383 c.
1949 1336 2025 1383 13.
2112 1336 2163 1383 Si
2204 1345 2362 1383 autern

1296 1400 1577 1448 occiduntur
1610 1414 1721 1448 cum
1760 1399 2092 1463 decerpuntur,
2128 1399 2367 1463 quomodo

1294 1464 1520 1576 33:2²²ss
1527 1464 1746 1577 :2353ss
1783 1465 2368 1591 0⁰¹52¹t22²1322¹2¹3<13053

1295 1593 1502 1641 asseritis
1519 1593 1786 1643 subvenire.
1820 1608 1866 1642 c.
1890 1594 2054 1642 Faust.
2075 1591 2139 1641 vi.
2160 1594 2209 1641 4.
2266 1592 2369 1643 Ista

1295 1658 1527 1733 sacrilega
1570 1657 1881 1707 deliramenta
1922 1672 2006 1705 vos
2045 1663 2238 1720 cogunt,
2274 1672 2369 1707 nou

1295 1722 1448 1769 solum
1473 1738 1522 1769 in
1544 1722 1663 1771 cailo
1686 1730 1831 1786 atque
1862 1721 1911 1769 in
1945 1721 2166 1770 omnibus
2200 1722 2367 1781 stellis,

1297 1786 1384 1834 sed
1423 1787 1569 1834 etiam
1606 1787 1657 1835 in
1700 1794 1842 1843 terra,
1880 1796 2023 1849 atque
2060 1786 2109 1833 in
2148 1786 2371 1835 omnibus

1299 1864 1406 1915 quae
1447 1859 1705 1899 nascuntur
1745 1851 1793 1897 in
1832 1865 1910 1908 ea,
1946 1849 2182 1898 confixum
2223 1857 2366 1915 atque

1300 1923 1571 1963 concretum
1616 1913 1857 1963 Christum
1915 1913 2069 1963 dicere
2120 1928 2215 1961 non
2263 1913 2371 1977 jam

1303 1979 1595 2027 Salvatorem
1616 1987 1842 2034 vestrum,
1864 1978 1947 2027 sed
1972 1994 1999 2025 a
2024 1976 2153 2026 vobis
2174 1978 2367 2027 salvan-

1299 2044 1430 2097 dum.
1453 2059 1564 2092 cum
1588 2058 1646 2091 ea
1669 2043 1966 2091 manducatis
1990 2051 2130 2106 atque
2153 2044 2365 2092 ructatis.

1297 2107 1366 2155 ib.
1389 2107 1442 2155 ii.
1464 2111 1511 2155 5.
1546 2108 1609 2157 cf.
1632 2124 1675 2155 v.
1704 2109 1779 2156 10.
1805 2108 1898 2156 διο.

1364 2178 1384 2205 ¹'
1407 2172 1575 2221 Nostis
1602 2173 1806 2230 Fratres,
1824 2171 1953 2235 quod
1972 2187 2063 2219 non
2084 2179 2157 2220 est
2175 2178 2367 2237 preter-

1299 2234 1601 2292 mittendum,
1642 2236 1779 2301 quasi
1810 2236 1979 2299 justos,
2016 2236 2363 2293 eminentiores,

1297 2299 1348 2347 in
1371 2316 1422 2349 se
1437 2308 1655 2349 tenentes
1674 2300 1807 2349 velut
1828 2301 2033 2375 primum
2048 2301 2245 2364 gradum
2261 2300 2366 2364 jus-

1298 2365 1435 2423 titiae,
1469 2366 1661 2414 Electos
1698 2380 1855 2413 vocari
1892 2366 2022 2430 apud
2055 2364 2369 2415 Manichacus.

1300 2430 1451 2478 Electi
1474 2430 1666 2494 quidem
1694 2429 1789 2477 Dei
1813 2437 1923 2477 sunt
1944 2445 2107 2477 omnes
2128 2430 2297 2485 sancti,
2318 2438 2369 2479 et

1299 2492 1528 2543 babemus
1552 2496 1639 2543 hoc
1660 2494 1707 2541 iu
1738 2493 2015 2561 Scripturis=
2050 2494 2137 2543 sed
2170 2502 2367 2558 usurpass

1301 2568 1410 2607 runt
1425 2560 1512 2607 sibi
1526 2558 1648 2607 illud
1668 2574 1857 2616 nomen,
1868 2567 1917 2607 et
1933 2559 2071 2624 quasi
2092 2558 2370 2607 familiarius

1301 2622 1390 2671 sibi
1420 2623 1795 2689 applicaverunt.
1820 2632 1873 2671 ut
1907 2632 2149 2687 tamquam
2185 2624 2369 2689 proprie

1295 2685 1397 2751 jam
1445 2690 1598 2737 Electi
1641 2704 1665 2735 a
1704 2688 1954 2753 pellentur.
2043 2689 2169 2751 Aug.
2202 2688 2250 2734 in
2288 2688 2373 2737 Ps-

1309 2752 1416 2800 140.
1441 2754 1486 2816 §-
1513 2754 1592 2801 10.
1709 2752 1915 2801 uditores
1947 2752 2029 2815 qui
2068 2752 2370 2817 appellantur

1297 2816 1426 2881 apud
1446 2833 1544 2873 eos,
1566 2826 1615 2866 et
1630 2816 1853 2866 carnibus
1875 2824 2145 2874 vescuntur,
2164 2825 2213 2864 et
2228 2832 2367 2879 agros

1297 2882 1478 2941 colunt,
1517 2892 1568 2930 et
1608 2881 1647 2929 si
1682 2882 1929 2939 voluerint,
1971 2896 2139 2930 uxores
2172 2880 2369 2937 liabent,

1298 2960 1501 3008 qnorum
1518 2946 1633 2993 nihil
1654 2944 1835 2994 faciunt
1848 2948 1929 3009 qni
1949 2954 2174 2993 vocantur
2193 2944 2367 2992 Electi.

1301 3011 1430 3075 Aug.
1467 3011 1563 3076 Ep.
1595 3012 1707 3059 236.
1742 3010 1803 3058 ad
1838 3011 2035 3058 Denter.
2112 3008 2369 3057 Auditores

1301 3082 1547 3129 vocantur,
1580 3072 1709 3146 quod
1746 3073 1965 3124 videlicet
2004 3082 2229 3136 tanquam
2269 3087 2368 3121 me·

1301 3139 1420 3187 liora
1445 3147 1495 3187 et
1525 3154 1702 3203 majora
1734 3146 1967 3202 praecepta
1995 3139 2241 3185 observare
2274 3152 2371 3186 non

1304 3203 1502 3265 possint,
1536 3219 1647 3267 quse
1689 3208 1997 3253 observantur
2038 3201 2100 3250 ab
2142 3200 2211 3249 eis
2250 3217 2371 3265 quos

1305 3269 1573 3317 Electorum
1596 3269 1784 3315 nornine
1800 3266 2136 3316 discernendos
2155 3274 2205 3313 et
2226 3264 2371 3315 hono·

1305 3332 1476 3381 randos
1498 3341 1688 3397 putant.
1714 3332 1873 3396 (Aug.
1890 3347 1932 3380 c.
1948 3331 2037 3379 litt.
2062 3330 2281 3380 Petilian.
2303 3331 2371 3379 iii.

1310 3396 1414 3459 17.)
1467 3397 1776 3446 Auditor-ibus
1794 3397 1973 3450 vestris.
1995 3410 2114 3458 quos
2141 3402 2368 3459 tanquam

1306 3461 1551 3510 distinctos
1592 3476 1621 3509 a
1665 3477 1833 3525 genere
1865 3460 2157 3509 sacerdotum
2194 3459 2371 3514 dixisti,

1305 3526 1564 3575 secundum
1588 3526 1771 3574 veniam
1804 3525 1906 3573 haec
1942 3522 2157 3587 [carnes]
2182 3524 2372 3572 edenda

1306 3590 1579 3639 conceditis.
1614 3592 1685 3652 (c.
1706 3592 1870 3639 Faust.
1887 3606 1999 3638 xxx.
2016 3590 2097 3653 5.)
2142 3588 2230 3636 His
2250 3588 2373 3637 dua·

1307 3656 1397 3703 bus
1437 3654 1820 3719 professionibus,
1854 3654 1943 3701 hoc
1977 3662 2065 3708 est,
2101 3652 2371 3700 Electorum

1309 3728 1359 3768 et
1381 3719 1681 3775 Auditorum,
1704 3719 1956 3768 ecclesiam
1989 3732 2121 3765 suam
2150 3725 2367 3766 constare

1303 3784 1568 3832 voluerunt.
1594 3784 1654 3832 de
1671 3785 1853 3833 Hoeres.
1874 3784 1913 3832 οἵ
1931 3782 2192 3843 καλεόμενοι
2211 3780 2373 3831 viauae

1304 3850 1410 3915 «σις’
1431 3850 1599 3903 αὐτοῖς.
1634 3849 1899 3896 Theodorei
1920 3848 1953 3895 l.
1976 3862 2017 3895 c.

1367 3920 1386 3946 ⁸
1422 3914 1551 3963 Hinc
1580 3922 1666 3971 est,
1699 3913 1825 3978 quod
1859 3910 2141 3960 mendicanti
2176 3909 2371 3967 homini,

1301 3979 1382 4043 qui
1417 3978 1714 4026 Manichoeus
1746 3992 1841 4025 non
1872 3976 1945 4031 sit,
1969 3990 2157 4039 panem,
2176 3974 2251 4023 vel
2286 3974 2373 4021 ali-

1305 4043 1421 4103 quid
1441 4042 1647 4105 frugum,
1665 4042 1739 4089 vel
1762 4056 1935 4103 aquam
1957 4038 2125 4103 ipsam,
2142 4053 2250 4102 quie
2270 4053 2373 4086 om·

1307 4107 1447 4155 nibus
1468 4106 1571 4155 vilis
1601 4114 1686 4157 est.
1707 4103 1811 4153 dari
1845 4102 2111 4168 prohibetis,
2132 4117 2191 4149 ne
2223 4116 2373 4151 mem-

1306 4172 1444 4220 brum
1470 4170 1581 4228 Dei,
1603 4169 1729 4234 quod
1752 4168 1823 4216 his
1842 4168 1984 4217 nebus
2002 4165 2260 4215 admixtum
2286 4173 2372 4221 est,

1303 4236 1401 4348 {¹325
1427 4232 2022 4363 Piifg'fiissiffldiiussaci
2043 4229 2193 4343 '3⁶³3
2226 4230 2375 4352 ³332:

1305 4380 1414 4413 cum
1459 4363 1526 4411 ita
1563 4362 1669 4419 sint,
1700 4361 1840 4410 etiam
1884 4375 2053 4425 panem
2091 4357 2377 4407 mendicanti

1308 4428 1420 4477 dare
1455 4426 1739 4492 prohibetis:
1782 4424 1977 4474 censetis
2004 4432 2161 4472 tamen
2190 4432 2376 4498 propter

1308 4491 1668 4541 misericordiam
1714 4490 1789 4539 vel
1833 4488 1985 4565 potius
2024 4496 2214 4565 propter
2256 4503 2377 4564 invi-
2480 4484 2488 4490 ’

1291 4556 1433 4605 ,diam
1490 4571 1705 4605 nummos
1755 4554 1875 4604 dari.
1940 4554 2073 4612 Quid
2128 4553 2202 4602 luc
2248 4568 2379 4619 prius
