3042 5059
646 376 1370 441 CONFESSIONUM
1417 378 1705 443 LIBER
1750 380 1865 441 IV.

2277 382 2359 439 47

141 551 471 611 noveram,
503 534 615 617 qui
655 534 786 596 nisi
824 531 1106 613 fulgores
1145 543 1519 615 corporeos⁰
1550 534 1829 615 cogitare
1870 554 2002 596 non
2037 552 2359 597 noveram.

143 636 420 699 Talibus
447 635 620 697 enim
651 635 978 715 figmentis
1009 635 1338 717 suspirans
1365 635 1601 713 anima,
1628 656 1841 697 nonne
1870 636 2216 699 fornicatur
2242 635 2361 697 abs

143 746 231 813 te,
261 744 331 799 et
357 735 508 798 fidit
533 737 602 798 in
630 732 860 813 falsis‘,
881 744 948 799 et
967 738 1186 817 pascit
1213 734 1475 799 ventos?
1532 736 1663 800 Sed
1689 736 1990 800 videlicet
2018 732 2372 800 sacrificari

140 858 260 921 pro
291 859 400 901 me
430 839 672 901 nollem
701 836 1124 915 daemonibus,
1155 837 1392 921 quibus
1434 858 1539 899 me
1580 838 1693 901 ina
1731 838 2181 921 superstitione
2220 836 2363 919 ipse

143 938 610 1003 sacrificabam.
675 938 848 1010 Quid
877 946 977 1001 est
1003 938 1175 1001 enim
1205 938 1401 1015 aliud,
1422 947 1637 1001 ventos
1652 958 1945 1019 pascere,
1962 960 2157 1022 quam
2183 938 2363 1021 ipsos
2382 952 2499 1003 Hos.
2522 954 2601 1013 12,

141 1061 444 1123 pascere3
489 1041 616 1103 hoc
645 1046 761 1115 est,
793 1039 1058 1103 errando
1087 1040 1183 1103 eis
1213 1061 1352 1103 esse
1380 1040 1696 1123 voluptati
1728 1048 1921 1123 atque
1949 1038 2231 1103 derisui?

231 1147 296 1203 4.
345 1140 632 1223 Ideoque
661 1140 806 1202 illos
834 1138 1130 1235 planos-2
1161 1162 1324 1224 quos
1364 1142 1851 1205 mathematicos
1891 1148 2145 1217 vocant,
2172 1142 2363 1224 plane
2442 1140 2544 1188 111.

2381 1019 2426 1067 1.

2381 1205 2561 1254 Abas-

142 1243 484 1306 consulere
511 1263 646 1304 non
675 1241 1082 1318 desistebam,
1113 1241 1290 1324 quod
1333 1242 1518 1325 quasi
1560 1243 1806 1305 nullum
1846 1244 1939 1306 eis
1977 1250 2145 1305 esset
2172 1242 2365 1305 sacri·-
2384 1268 2601 1332 trologia,

142 1344 394 1420 ficium,
423 1351 490 1406 et
516 1344 710 1405 nullae
746 1364 970 1427 preces
1005 1342 1090 1405 ad
1126 1344 1406 1427 aliquem
1448 1344 1743 1426 spiritum
1783 1346 1867 1407 ob
1910 1344 2367 1408 divinationem
2382 1333 2601 1383 euidedi-

2385 1408 2461 1447 tus
2482 1405 2603 1456 erat,

143 1444 613 1525 dirigerentur:
682 1443 856 1527 quod
907 1451 1124 1507 tamen
1167 1444 1518 1508 christiana
1566 1452 1633 1509 et
1680 1466 1831 1509 vera
1879 1446 2087 1528 pietas
2142 1466 2367 1509 conse·
2384 1478 2464 1529 per
2485 1479 2560 1512 se·

146 1553 423 1629 quenter
459 1545 716 1628 repellit
759 1553 824 1608 et
863 1543 1144 1607 damnat.
1233 1546 1490 1608 Bonum
1534 1553 1633 1609 est
1678 1546 1849 1609 enim
1892 1546 2182 1609 confiteri
2225 1546 2366 1622 tibi,

147 1648 458 1726 Domine,
517 1654 584 1709 et
641 1646 873 1724 dicere,
933 1637 1250 1709 Miserere
1307 1650 1437 1709 mei
1446 1672 1471 1716 ;

1566 1668 1729 1709 cura
1784 1650 2075 1709 animam
2132 1668 2366 1727 meam,

147 1750 461 1832 quoniam
501 1750 772 1829 peccavi
822 1746 942 1809 tibi
952 1772 977 1817 ;
1047 1768 1258 1829 neque
1310 1746 1393 1810 ad
1442 1747 1773 1811 licentiam
1821 1748 2135 1830 peccandi
2188 1749 2366 1812 abuti

148 1848 558 1929 indulgentia
591 1858 723 1925 tua,
769 1847 882 1911 sed
922 1848 1290 1911 meminisse
1333 1847 1677 1911 dominicae
1722 1849 1921 1926 vociS‚
1952 1850 2127 1913 Ecce
2166 1870 2367 1913 sarens
2380 1859 2469 1900 tur.

125 1951 368 2031 factus
405 1972 496 2020 e.§·;
521 1950 672 2033 jam
715 1952 848 2013 noli
875 1968 1173 2029 peccare,
1209 1970 1292 2011 ne
1334 1950 1496 2032 quid
1536 1950 1656 2013 tibi
1694 1950 1977 2013 deterius
2012 1953 2367 2031 continqat.

149 2053 366 2123 Quam
385 2059 587 2115 totam
616 2051 710 2115 illi
739 2051 1176 2114 salubritatem
1204 2050 1563 2115 interficere
1586 2059 1918 2129 conantur,
1940 2073 2089 2117 cum
2111 2051 2365 2115 dicunt=
2384 2070 2494 2119 Joh.
2518 2072 2567 2125 5,

149 2154 253 2215 De
291 2155 464 2218 coelo
493 2154 616 2217 tibi
643 2163 742 2219 est
781 2151 1174 2216 inevitabilis
1212 2174 1409 2215 causa
1441 2153 1799 2235 peccandi;
1861 2161 1947 2231 et,
1978 2156 2199 2217 Venus
2239 2154 2366 2217 hoc

149 2254 328 2332 fecit,
355 2264 470 2319 aut
497 2256 830 2331 Samus,
853 2262 964 2317 aut
991 2254 1190 2317 Mars·
1255 2254 1538 2332 Scilicet,
1558 2263 1633 2320 ut
1658 2256 1853 2319 homo
1884 2255 2023 2319 sine
2052 2258 2245 2339 culpa
2264 2256 2368 2333 sit,

152 2378 306 2419 caro
351 2365 419 2422 et
467 2358 732 2437 sanguis
781 2365 849 2421 et
899 2357 1178 2439 superba
1225 2355 1539 2439 putred03
1608 2358 1967 2440 culpandus
2026 2358 2111 2421 sit
2156 2365 2369 2421 autem

151 2460 305 2523 coeli
347 2482 424 2523 ac
465 2460 744 2524 siderum
782 2466 1024 2522 creator
1067 2464 1133 2519 et
1175 2456 1516 2529 ordinator.

1604 2460 1695 2522 Et
1740 2460 1887 2544 quis
1928 2467 2028 2523 est
2068 2459 2197 2534 hic,
2240 2459 2368 2521 nisi

2383 1543 2490 1577 nem
2507 1543 2605 1577 me-

2383 1591 2557 1640 dicinoe

2384 1665 2431 1706 et
2448 1670 2603 1706 rerum

2381 1722 2583 1786 peritum

2385 1801 2569 1835 revoca·

2384 1930 2463 2041 ξι.
2488 1927 2569 1987 40,

2387 2136 2463 2183 14.

153 2563 342 2625 Deus
378 2570 615 2640 noster,
645 2560 924 2623 suavitas
964 2567 1030 2622 et
1065 2558 1244 2638 origo
1277 2557 1571 2640 justitiae,
1604 2560 1717 2643 qui
1758 2562 1979 2625 reddis
2014 2562 2369 2643 unicuique
2388 2578 2513 2625 Mat.
2530 2576 2613 2631 16,

151 2662 511 2725 secundum
561 2683 754 2743 opera
801 2661 962 2743 ejus,
985 2667 1073 2722 *et
1114 2662 1238 2733 cor¹
1269 2663 1622 2752 contritum
1664 2670 1731 2725 et
1774 2664 2193 2727 humiliatum
2236 2682 2366 2725 non

153 2767 410 2847 spernis
429 2764 464 2826 ‚P

158 2970 288 3018 pere.
335 2952 470 3011 Quid
493 2967 619 3017 ergo,
633 2950 816 3000 nullum
831 2950 1074 3016 praerniurn
1099 2952 1228 3000 Dei‘!

162 3018 209 3093 ,Ν
215 3018 384 3076 ullum,
406 3026 576 3082 praeter
596 3018 767 3129 iplsum.
836 3016 1090 3090 Praemiurn
1113 3016 1230 3091 pei,

161 3099 266 3195 'sis-51
272 3084 364 3194 ³1⁰)AE
369 3091 618 3203 ¹:isil‘risxteriu
645 3097 737 3194 nisu
747 3081 1230 3195 Ἓίἳιέξξὲιιεὼειιξῗτ.

165 3211 372 3261 Recedis
415 3212 480 3261 ab
523 3212 633 3274 igne
681 3210 952 3265 immortali,
999 3208 1234 3274 frigesces,

162 3276 490 3341 corrumperis.
577 3275 693 3324 Noli
728 3276 963 3331 recedere,
998 3275 1234 3341 corruptio

164 3350 244 3389 tua
264 3342 378 3400 erit,
402 3340 648 3389 fornicatio
671 3349 753 3389 tua
775 3340 880 3389 erit.
931 3341 1062 3400 Aug.
1085 3340 1136 3388 in
1159 3342 1237 3388 Ps.

165 3408 245 3453 72.
287 3406 330 3467 §.
375 3407 462 3455 32.
543 3404 744 3453 Timon-is
788 3404 907 3453 casti
950 3406 1137 3453 nomine
1181 3420 1240 3453 ea

166 3470 387 3529 voluntas
411 3468 676 3533 significata
700 3481 790 3526 est,
811 3484 908 3534 qua
930 3484 1016 3517 nos
1047 3484 1239 3519 necesse

165 3535 251 3583 erit
295 3534 428 3583 nolle
462 3549 676 3600 peccare,
709 3542 758 3583 et
792 3550 886 3583 non
924 3533 1237 3582 sollicitudine

164 3599 472 3654 infirmitatis,
497 3614 557 3647 ne
579 3599 694 3647 forte
715 3614 981 3664 peccemus,
1005 3597 1088 3647 sed
1112 3608 1237 3647 tran·

165 3664 404 3728 quillitate
425 3663 638 3713 caritatis
659 3678 826 3713 cavere
847 3671 1112 3730 peccatum.
1160 3665 1238 3713 De

167 3729 272 3778 civ.
297 3728 414 3783 Dei,
438 3728 532 3775 xiv.
552 3744 594 3777 c.
615 3730 662 3777 9.
687 3729 732 3789 §.
757 3730 802 3776 5.

225 3800 250 3827 ⁸
288 3793 525 3842 volentes
560 3793 824 3855 intelligere
868 3793 1046 3851 Deum,
1091 3808 1240 3857 usque

165 3857 226 3906 ad
282 3857 408 3906 lucis
463 3857 596 3906 istius
651 3856 850 3906 visibilis
905 3858 1238 3920 cogitationem

165 3929 416 3979 venerunt,
452 3922 573 3971 ultra
617 3920 685 3970 ire
729 3938 824 3971 non
862 3930 1147 3987 potueruntz
1194 3928 1243 3970 et

166 3987 294 4035 tales
333 3996 530 4053 campos
576 3986 696 4035 lucis
742 3988 958 4035 fecerunt
1003 3987 1052 4035 in
1094 4002 1240 4049 regno

170 4052 284 4106 Dei,
309 4052 504 4115 qualern
528 4049 754 4100 videbant
774 4051 902 4099 hunc
927 4051 1091 4107 solem,
1111 4052 1248 4116 quasi

169 4115 378 4165 fructum
407 4114 532 4165 lucis
565 4114 712 4166 iuius.
777 4116 907 4178 Aug.
930 4117 980 4164 in
1017 4116 1100 4165 Ps.
1137 4116 1247 4164 146.

169 4181 210 4243 §.
235 4182 314 4229 13.
361 4180 492 4239 Quia
510 4196 602 4229 non
619 4180 917 4245 distinguunt
935 4180 1246 4245 [Manichaei]

168 4246 292 4293 inter
337 4244 492 4294 lucem
533 4244 660 4310 quod
697 4253 768 4293 est
808 4247 962 4298 Deus,
1005 4252 1053 4294 et
1091 4245 1249 4293 lucem

168 4324 317 4373 quam
353 4310 467 4359 fecit
499 4310 651 4365 Deus,
685 4310 772 4359 διο.
827 4310 983 4374 (Aug.
1013 4326 1058 4358 c.
1081 4311 1248 4359 Faust.

167 4374 282 4423 xxii.
323 4375 404 4438 8.)
475 4374 574 4422 Alii
617 4374 779 4423 Deum
822 4391 922 4424 esse
962 4390 1054 4423 non
1092 4390 1245 4439 posse,

169 4438 259 4487 nisi
307 4454 478 4505 corpus
522 4439 712 4503 igneum
759 4444 1058 4505 putaverunt.
1147 4438 1247 4489 Alii

172 4502 496 4568 [Manichaei]
543 4504 795 4554 candorem
838 4504 960 4555 lucis
1003 4504 1246 4555 immensae

1295 2968 1380 3016 per
1422 2951 1606 3001 infinita
1659 2952 1815 3019 spatia
1869 2967 2207 3017 usquequaque
2264 2969 2372 3027 por-

1297 3024 1492 3073 rectum,
1513 3032 1571 3064 ex
1596 3032 1691 3065 una
1712 3023 1872 3065 tamen
1940 3026 2038 3065 arte
2070 3016 2205 3081 quasi
2244 3032 2375 3080 nigro

1295 3081 1504 3143 quodam
1529 3096 1680 3131 cuneo
1700 3080 1881 3135 fissum,
1932 3097 1993 3129 uo
2006 3082 2205 3130 adversa
2226 3096 2373 3144 regna

1297 3146 1565 3209 opinantes,
1607 3154 1657 3193 et
1698 3144 1816 3193 talia
1860 3147 1999 3195 rebus
2035 3146 2371 3196 constituentes

1299 3210 1551 3323 principia,
1583 3225 1690 3258 cum
1730 3210 1827 3259 suis
1858 3210 2201 3276 phantasmatis
2236 3210 2373 3259 fabu-

1319 3274 1384 3322 ati
1421 3284 1549 3324 sunt.
1610 3276 1689 3325 De
1722 3276 1837 3324 vera
1870 3276 1999 3339 relig.
2040 3276 2084 3337 §.
2116 3277 2199 3325 96.
2278 3276 2375 3325 Sed

1305 3355 1394 3388 nec
1427 3340 1599 3389 iterum
1620 3340 1727 3388 ideo
1761 3340 1846 3389 tibi
1883 3356 1975 3388 non
2001 3340 2213 3389 videatur
2238 3340 2374 3389 Deus

1301 3404 1432 3516 guod
1463 3405 1551 3460 sol,
1583 3405 1699 3469 quia
1732 3404 1801 3452 sol
1828 3412 2069 3469 tamquam
2102 3412 2203 3454 rota
2236 3420 2369 3469 quae-

1339 3485 1416 3517 am
1437 3478 1529 3527 est,
1553 3484 1647 3518 non
1670 3469 1946 3519 immensum
1976 3470 2095 3519 lucis
2128 3471 2367 3535 spatiumg

1301 3541 1350 3581 et
1384 3531 1517 3581 dicas
1548 3533 1651 3589 tibi,
1688 3534 1814 3596 Ergo
1848 3534 1983 3583 Deus
2016 3534 2209 3582 infinitae
2255 3534 2376 3583 lucis

2380 2642 2611 2689 27.R0m.

2382 2708 2433 2765 2,
2454 2708 2504 2755 6.

2389 2784 2471 2833 Ps.
2492 2785 2578 2845 50,

2393 2850 2471 2899 19.

1303 3606 1376 3646 est
1395 3606 1446 3646 et
1465 3599 1736 3648 immensa:
1774 3606 1825 3647 ut
1848 3598 1985 3663 quasi
2018 3597 2187 3648 tendas
2218 3599 2389 3665 ipsum-

1303 3663 1472 3719 solem,
1493 3672 1543 3712 et
1566 3663 1713 3712 facias
1735 3662 1871 3713 illum
1898 3679 1989 3712 non
2013 3664 2190 3713 habere
2212 3665 2375 3719 finem,
2390 3716 2413 3725 ,,

1307 3743 1393 3776 nec
1407 3727 1497 3775 hac
1508 3744 1594 3776 nec
1605 3728 1736 3786 illac,
1749 3744 1833 3777 nec
1844 3742 2025 3776 sursum
2040 3744 2125 3777 nec
2141 3729 2352 3778 deorsum
2362 3724 2386 3789 ;'

1305 3801 1352 3841 et
1375 3800 1537 3841 tamen
1559 3793 1714 3842 lucem
1740 3794 1825 3842 tibi
1846 3791 2123 3842 immensam
2143 3810 2227 3858 pro
2290 3808 2377 3841 nas

1308 3858 1492 3906 Deum:
1533 3874 1620 3907 nec
1643 3857 1732 3906 hoc
1760 3865 1833 3907 est
1870 3858 2019 3907 Deus.
2075 3857 2203 3921 Aug.
2260 3873 2376 3906 erm.

1305 3923 1551 4044 ¹V⁸f§·Q5=iis
1574 3985 1730 4049 diligit
1759 3985 1889 4050 quod
1910 3985 2121 4050 ignorat?
2179 3986 2242 4032 Et
2254 3984 2377 4059 guid

1312 4058 1385 4098 est
1429 4053 1588 4099 Deum
1632 4050 1749 4097 scire
1807 4050 1897 4097 nisi
1942 4065 2049 4097 eum
2106 4064 2376 4114 conspicere

1315 4115 1538 4179 firmeque
1582 4113 1863 4179 percipere?
1938 4114 2173 4163 Nimirum
2220 4122 2378 4162 autern

1314 4180 1578 4229 cavendum
1596 4187 1683 4237 est,
1696 4195 1756 4227 ne
1769 4177 1965 4227 credens
1974 4178 2159 4226 animus
2180 4176 2228 4226 id
2252 4180 2381 4242 quod

1316 4260 1409 4293 non
1433 4245 1577 4298 videt.
1602 4243 1751 4307 fingat
1772 4242 1860 4291 sibi
1899 4242 2078 4306 aliquid
2118 4241 2247 4306 quod
2283 4259 2377 4291 non

1311 4316 1400 4366 est,
1434 4318 1484 4358 et
1523 4316 1681 4375 speret
1723 4307 1985 4373 diligatque
2030 4308 2158 4371 quod
2205 4308 2381 4356 falsum

1313 4382 1402 4423 est.
1487 4372 1629 4432 Quod
1668 4373 1707 4421 si
1744 4372 1822 4430 sit,
1853 4388 1947 4421 non
1987 4372 2075 4422 erit
2114 4372 2288 4422 caritas
2320 4373 2382 4421 de

1313 4438 1453 4488 corde
1484 4453 1603 4504 puro
1638 4447 1687 4487 et
1718 4436 2010 4489 conscientia
2053 4437 2179 4486 bona
2211 4444 2261 4486 et
2292 4436 2385 4487 fide

1313 4519 1407 4553 non
1429 4502 1557 4553 ficta.
1614 4504 1695 4554 De
1714 4502 1848 4553 Trin.
1872 4502 1970 4553 viii.
1993 4503 2035 4565 §.
2057 4503 2104 4551 6.
