<?xml version="1.0" encoding="UTF-8"?>
<!DOCTYPE html PUBLIC "-//W3C//DTD XHTML 1.0 Transitional//EN"
    "http://www.w3.org/TR/xhtml1/DTD/xhtml1-transitional.dtd">
<html xmlns="http://www.w3.org/1999/xhtml" xml:lang="en" lang="en">
 <head>
  <title>
</title>
<meta http-equiv="Content-Type" content="text/html;charset=utf-8" />
  <meta name='ocr-system' content='tesseract 3.04.00' />
  <meta name='ocr-capabilities' content='ocr_page ocr_carea ocr_par ocr_line ocrx_word'/>
</head>
<body>
  <div class='ocr_page' id='page_1' title='image "./confessionespos00dubogoog_0162.png"; bbox 0 0 3042 5059; ppageno 0'>
   <div class='ocr_carea' id='block_1_1' title="bbox 667 394 2300 463">
    <p class='ocr_par' dir='ltr' id='par_1_1' title="bbox 667 394 2300 463">
     <span class='ocr_line' id='line_1_1' title="bbox 667 394 2300 463; baseline -0.004 0"><span class='ocrx_word' id='word_1_1' title='bbox 667 406 791 463; x_wconf 75' lang='lat'><strong>140</strong></span> <span class='ocrx_word' id='word_1_2' title='bbox 1225 399 1290 463; x_wconf 90' lang='lat' dir='ltr'><strong>S.</strong></span> <span class='ocrx_word' id='word_1_3' title='bbox 1323 396 1839 463; x_wconf 90' lang='lat' dir='ltr'><strong>AUGUSTINI</strong></span> <span class='ocrx_word' id='word_1_4' title='bbox 1884 394 2300 459; x_wconf 91' lang='lat' dir='ltr'>EPISCOPI</span> 
     </span>
    </p>
   </div>
   <div class='ocr_carea' id='block_1_2' title="bbox 644 477 3002 4581">
    <p class='ocr_par' dir='ltr' id='par_1_2' title="bbox 653 477 2998 717">
     <span class='ocr_line' id='line_1_2' title="bbox 653 477 2998 635; baseline -0.001 -18"><span class='ocrx_word' id='word_1_5' title='bbox 653 554 764 617; x_wconf 75' lang='lat' dir='ltr'><strong>bat</strong></span> <span class='ocrx_word' id='word_1_6' title='bbox 793 557 866 617; x_wconf 79' lang='lat' dir='ltr'><strong>in</strong></span> <span class='ocrx_word' id='word_1_7' title='bbox 894 575 998 617; x_wconf 86' lang='lat' dir='ltr'><strong>me</strong></span> <span class='ocrx_word' id='word_1_8' title='bbox 1025 563 1373 635; x_wconf 77' lang='lat' dir='ltr'><strong>peccatum</strong></span> <span class='ocrx_word' id='word_1_9' title='bbox 1405 552 1485 615; x_wconf 89' lang='lat' dir='ltr'><strong>de</strong></span> <span class='ocrx_word' id='word_1_10' title='bbox 1515 552 1837 635; x_wconf 86' lang='lat' dir='ltr'><strong>supplicio</strong></span> <span class='ocrx_word' id='word_1_11' title='bbox 1866 550 2181 614; x_wconf 88' lang='lat' dir='ltr'><strong>liberioris</strong></span> <span class='ocrx_word' id='word_1_12' title='bbox 2217 549 2490 632; x_wconf 85' lang='lat' dir='ltr'><strong>peccati,</strong></span> <span class='ocrx_word' id='word_1_13' title='bbox 2514 550 2676 633; x_wconf 86' lang='lat' dir='ltr'><strong>quia</strong></span> <span class='ocrx_word' id='word_1_14' title='bbox 2708 570 2894 615; x_wconf 83' lang='lat' dir='ltr'><strong>eram</strong></span> <span class='ocrx_word' id='word_1_15' title='bbox 2996 477 2998 631; x_wconf 75' lang='grc' dir='ltr'>Ι</span> 
     </span>
     <span class='ocr_line' id='line_1_3' title="bbox 655 652 1088 717; baseline -0.005 0"><span class='ocrx_word' id='word_1_16' title='bbox 655 654 830 717; x_wconf 85' lang='lat' dir='ltr'><strong>filius</strong></span> <span class='ocrx_word' id='word_1_17' title='bbox 860 652 1088 717; x_wconf 86' lang='lat' dir='ltr'><strong>Adam.</strong></span> 
     </span>
    </p>

    <p class='ocr_par' dir='ltr' id='par_1_3' title="bbox 649 754 3002 2541">
     <span class='ocr_line' id='line_1_4' title="bbox 742 754 2892 838; baseline -0.002 -19"><span class='ocrx_word' id='word_1_18' title='bbox 742 762 845 819; x_wconf 75' lang='lat'><strong>23.</strong></span> <span class='ocrx_word' id='word_1_19' title='bbox 893 758 1064 819; x_wconf 88' lang='lat' dir='ltr'><strong>Nam</strong></span> <span class='ocrx_word' id='word_1_20' title='bbox 1093 757 1149 819; x_wconf 89' lang='lat' dir='ltr'><strong>si</strong></span> <span class='ocrx_word' id='word_1_21' title='bbox 1179 764 1276 819; x_wconf 92' lang='lat' dir='ltr'><strong>tot</strong></span> <span class='ocrx_word' id='word_1_22' title='bbox 1303 764 1454 820; x_wconf 90' lang='lat' dir='ltr'><strong>sunt</strong></span> <span class='ocrx_word' id='word_1_23' title='bbox 1479 756 1813 819; x_wconf 81' lang='lat' dir='ltr'><strong>contrariae</strong></span> <span class='ocrx_word' id='word_1_24' title='bbox 1856 763 2121 834; x_wconf 82' lang='lat' dir='ltr'><strong>naturae,</strong></span> <span class='ocrx_word' id='word_1_25' title='bbox 2152 763 2312 838; x_wconf 92' lang='lat' dir='ltr'><strong>quot</strong></span> <span class='ocrx_word' id='word_1_26' title='bbox 2344 756 2716 818; x_wconf 88' lang='lat' dir='ltr'><strong>voluntates</strong></span> <span class='ocrx_word' id='word_1_27' title='bbox 2762 754 2892 816; x_wconf 85' lang='lat' dir='ltr'><strong>sibi</strong></span> 
     </span>
     <span class='ocr_line' id='line_1_5' title="bbox 654 854 3000 941; baseline -0.001 -21"><span class='ocrx_word' id='word_1_28' title='bbox 654 858 994 935; x_wconf 83' lang='lat' dir='ltr'><strong>resistunt3</strong></span> <span class='ocrx_word' id='word_1_29' title='bbox 1038 878 1171 922; x_wconf 91' lang='lat' dir='ltr'><strong>non</strong></span> <span class='ocrx_word' id='word_1_30' title='bbox 1200 856 1338 941; x_wconf 89' lang='lat' dir='ltr'><strong>jam</strong></span> <span class='ocrx_word' id='word_1_31' title='bbox 1368 857 1537 934; x_wconf 84' lang='lat' dir='ltr'><strong>duae,</strong></span> <span class='ocrx_word' id='word_1_32' title='bbox 1568 856 1683 919; x_wconf 89' lang='lat' dir='ltr'><strong>sed</strong></span> <span class='ocrx_word' id='word_1_33' title='bbox 1712 858 1929 939; x_wconf 86' lang='lat' dir='ltr'><strong>plures</strong></span> <span class='ocrx_word' id='word_1_34' title='bbox 1958 862 2160 919; x_wconf 89' lang='lat' dir='ltr'><strong>erunt.</strong></span> <span class='ocrx_word' id='word_1_35' title='bbox 2252 856 2323 919; x_wconf 82' lang='lat' dir='ltr'><strong>Si</strong></span> <span class='ocrx_word' id='word_1_36' title='bbox 2355 855 2667 918; x_wconf 83' lang='lat' dir='ltr'><strong>deliberet</strong></span> <span class='ocrx_word' id='word_1_37' title='bbox 2700 854 2890 937; x_wconf 88' lang='lat' dir='ltr'><strong>quis·</strong></span> <span class='ocrx_word' id='word_1_38' title='bbox 2998 885 3000 937; x_wconf 40' lang='grc' dir='ltr'><em>Λ</em></span> 
     </span>
     <span class='ocr_line' id='line_1_6' title="bbox 657 958 3000 1045; baseline -0.003 -21"><span class='ocrx_word' id='word_1_39' title='bbox 657 982 850 1045; x_wconf 89' lang='lat' dir='ltr'><strong>quam</strong></span> <span class='ocrx_word' id='word_1_40' title='bbox 877 960 1091 1023; x_wconf 84' lang='lat' dir='ltr'><strong>utrum</strong></span> <span class='ocrx_word' id='word_1_41' title='bbox 1120 960 1205 1024; x_wconf 88' lang='lat' dir='ltr'><strong>ad</strong></span> <span class='ocrx_word' id='word_1_42' title='bbox 1234 961 1752 1023; x_wconf 88' lang='lat' dir='ltr'><strong>conventiculum</strong></span> <span class='ocrx_word' id='word_1_43' title='bbox 1782 980 2003 1023; x_wconf 90' lang='lat' dir='ltr'><strong>eorum</strong></span> <span class='ocrx_word' id='word_1_44' title='bbox 2030 968 2277 1042; x_wconf 86' lang='lat' dir='ltr'><strong>pergat,</strong></span> <span class='ocrx_word' id='word_1_45' title='bbox 2295 980 2379 1021; x_wconf 88' lang='lat' dir='ltr'><strong>an</strong></span> <span class='ocrx_word' id='word_1_46' title='bbox 2408 958 2492 1021; x_wconf 88' lang='lat' dir='ltr'><strong>ad</strong></span> <span class='ocrx_word' id='word_1_47' title='bbox 2522 959 2887 1034; x_wconf 88' lang='lat' dir='ltr'><strong>theatrum;</strong></span> <span class='ocrx_word' id='word_1_48' title='bbox 2998 966 3000 1039; x_wconf 68' lang='grc' dir='ltr'>ξ</span> 
     </span>
     <span class='ocr_line' id='line_1_7' title="bbox 653 1058 3000 1135; baseline -0.002 -10"><span class='ocrx_word' id='word_1_49' title='bbox 653 1064 936 1125; x_wconf 88' lang='lat' dir='ltr'><strong>clamant</strong></span> <span class='ocrx_word' id='word_1_50' title='bbox 970 1062 1119 1124; x_wconf 89' lang='lat' dir='ltr'><strong>isti:</strong></span> <span class='ocrx_word' id='word_1_51' title='bbox 1164 1063 1342 1125; x_wconf 90' lang='lat' dir='ltr'><strong>Ecce</strong></span> <span class='ocrx_word' id='word_1_52' title='bbox 1373 1060 1516 1123; x_wconf 88' lang='lat' dir='ltr'><strong>duae</strong></span> <span class='ocrx_word' id='word_1_53' title='bbox 1546 1070 1823 1125; x_wconf 87' lang='lat' dir='ltr'><strong>naturae:</strong></span> <span class='ocrx_word' id='word_1_54' title='bbox 1869 1082 2001 1123; x_wconf 90' lang='lat' dir='ltr'><strong>una</strong></span> <span class='ocrx_word' id='word_1_55' title='bbox 2039 1062 2211 1123; x_wconf 89' lang='lat' dir='ltr'><strong>bona</strong></span> <span class='ocrx_word' id='word_1_56' title='bbox 2242 1060 2367 1122; x_wconf 89' lang='lat' dir='ltr'><strong>hac</strong></span> <span class='ocrx_word' id='word_1_57' title='bbox 2408 1058 2631 1135; x_wconf 84' lang='lat' dir='ltr'><strong>ducit3</strong></span> <span class='ocrx_word' id='word_1_58' title='bbox 2680 1060 2891 1121; x_wconf 87' lang='lat' dir='ltr'><strong>altera</strong></span> <span class='ocrx_word' id='word_1_59' title='bbox 2998 1058 3000 1065; x_wconf 81' lang='lat'>&#39;</span> 
     </span>
     <span class='ocr_line' id='line_1_8' title="bbox 653 1159 2888 1227; baseline -0.002 -2"><span class='ocrx_word' id='word_1_60' title='bbox 653 1164 824 1226; x_wconf 89' lang='lat' dir='ltr'><strong>mala</strong></span> <span class='ocrx_word' id='word_1_61' title='bbox 856 1164 1004 1227; x_wconf 86' lang='lat' dir='ltr'><strong>illac</strong></span> <span class='ocrx_word' id='word_1_62' title='bbox 1047 1162 1312 1226; x_wconf 90' lang='lat' dir='ltr'><strong>reducit.</strong></span> <span class='ocrx_word' id='word_1_63' title='bbox 1404 1164 1575 1226; x_wconf 88' lang='lat' dir='ltr'><strong>Nam</strong></span> <span class='ocrx_word' id='word_1_64' title='bbox 1617 1162 1789 1225; x_wconf 91' lang='lat' dir='ltr'><strong>unde</strong></span> <span class='ocrx_word' id='word_1_65' title='bbox 1831 1162 1957 1224; x_wconf 88' lang='lat' dir='ltr'><strong>ista</strong></span> <span class='ocrx_word' id='word_1_66' title='bbox 1986 1160 2311 1224; x_wconf 82' lang='lat' dir='ltr'><strong>cunctatio</strong></span> <span class='ocrx_word' id='word_1_67' title='bbox 2354 1160 2613 1223; x_wconf 87' lang='lat' dir='ltr'><strong>sibimet</strong></span> <span class='ocrx_word' id='word_1_68' title='bbox 2654 1159 2888 1222; x_wconf 84' lang='lat' dir='ltr'><strong>adver-</strong></span> 
     </span>
     <span class='ocr_line' id='line_1_9' title="bbox 655 1261 2885 1343; baseline -0.001 -18"><span class='ocrx_word' id='word_1_69' title='bbox 655 1264 932 1327; x_wconf 87' lang='lat' dir='ltr'><strong>santium</strong></span> <span class='ocrx_word' id='word_1_70' title='bbox 961 1264 1356 1326; x_wconf 72' lang='lat' dir='ltr'><strong>voluntatum</strong></span> <span class='ocrx_word' id='word_1_71' title='bbox 1381 1262 1403 1327; x_wconf 84' lang='lat'>?</span> <span class='ocrx_word' id='word_1_72' title='bbox 1478 1265 1628 1343; x_wconf 88' lang='lat' dir='ltr'><strong>Ego</strong></span> <span class='ocrx_word' id='word_1_73' title='bbox 1673 1271 1886 1325; x_wconf 90' lang='lat' dir='ltr'><strong>autem</strong></span> <span class='ocrx_word' id='word_1_74' title='bbox 1930 1261 2077 1325; x_wconf 86' lang='lat' dir='ltr'><strong>dico</strong></span> <span class='ocrx_word' id='word_1_75' title='bbox 2122 1262 2343 1323; x_wconf 88' lang='lat' dir='ltr'><strong>ambas</strong></span> <span class='ocrx_word' id='word_1_76' title='bbox 2373 1262 2598 1337; x_wconf 74' lang='lat' dir='ltr'><strong>malae,</strong></span> <span class='ocrx_word' id='word_1_77' title='bbox 2630 1268 2699 1323; x_wconf 87' lang='lat' dir='ltr'><strong>et</strong></span> <span class='ocrx_word' id='word_1_78' title='bbox 2733 1282 2885 1343; x_wconf 88' lang='lat' dir='ltr'><strong>quae</strong></span> 
     </span>
     <span class='ocr_line' id='line_1_10' title="bbox 655 1361 3002 1447; baseline 0 -20"><span class='ocrx_word' id='word_1_79' title='bbox 655 1363 738 1427; x_wconf 87' lang='lat' dir='ltr'><strong>ad</strong></span> <span class='ocrx_word' id='word_1_80' title='bbox 764 1364 910 1426; x_wconf 90' lang='lat' dir='ltr'><strong>illos</strong></span> <span class='ocrx_word' id='word_1_81' title='bbox 939 1363 1138 1441; x_wconf 89' lang='lat' dir='ltr'><strong>ducit,</strong></span> <span class='ocrx_word' id='word_1_82' title='bbox 1167 1372 1234 1427; x_wconf 95' lang='lat' dir='ltr'><strong>et</strong></span> <span class='ocrx_word' id='word_1_83' title='bbox 1262 1386 1408 1447; x_wconf 83' lang='lat' dir='ltr'><strong>quae</strong></span> <span class='ocrx_word' id='word_1_84' title='bbox 1435 1363 1520 1426; x_wconf 89' lang='lat' dir='ltr'><strong>ad</strong></span> <span class='ocrx_word' id='word_1_85' title='bbox 1550 1365 1865 1427; x_wconf 81' lang='lat' dir='ltr'><strong>theatrum</strong></span> <span class='ocrx_word' id='word_1_86' title='bbox 1901 1361 2168 1432; x_wconf 86' lang='lat' dir='ltr'><strong>reducit.</strong></span> <span class='ocrx_word' id='word_1_87' title='bbox 2258 1362 2389 1425; x_wconf 85' lang='lat' dir='ltr'><strong>Sed</strong></span> <span class='ocrx_word' id='word_1_88' title='bbox 2426 1383 2561 1423; x_wconf 91' lang='lat' dir='ltr'><strong>non</strong></span> <span class='ocrx_word' id='word_1_89' title='bbox 2600 1362 2886 1425; x_wconf 89' lang='lat' dir='ltr'><strong>credunt</strong></span> <span class='ocrx_word' id='word_1_90' title='bbox 3000 1424 3002 1427; x_wconf 11' lang='grc' dir='ltr'><em>Α</em></span> 
     </span>
     <span class='ocr_line' id='line_1_11' title="bbox 651 1462 2883 1547; baseline -0.001 -20"><span class='ocrx_word' id='word_1_91' title='bbox 651 1464 781 1527; x_wconf 86' lang='lat' dir='ltr'><strong>nisi</strong></span> <span class='ocrx_word' id='word_1_92' title='bbox 828 1466 1064 1528; x_wconf 90' lang='lat' dir='ltr'><strong>bonam</strong></span> <span class='ocrx_word' id='word_1_93' title='bbox 1114 1485 1254 1527; x_wconf 90' lang='lat' dir='ltr'><strong>esse</strong></span> <span class='ocrx_word' id='word_1_94' title='bbox 1303 1486 1434 1547; x_wconf 88' lang='lat' dir='ltr'><strong>qua</strong></span> <span class='ocrx_word' id='word_1_95' title='bbox 1477 1464 1608 1528; x_wconf 88' lang='lat' dir='ltr'><strong>itur</strong></span> <span class='ocrx_word' id='word_1_96' title='bbox 1650 1465 1735 1527; x_wconf 89' lang='lat' dir='ltr'><strong>ad</strong></span> <span class='ocrx_word' id='word_1_97' title='bbox 1780 1485 1909 1527; x_wconf 90' lang='lat' dir='ltr'><strong>eos.</strong></span> <span class='ocrx_word' id='word_1_98' title='bbox 1998 1462 2173 1535; x_wconf 84' lang='lat' dir='ltr'><strong>Quid</strong></span> <span class='ocrx_word' id='word_1_99' title='bbox 2218 1462 2274 1525; x_wconf 85' lang='lat' dir='ltr'><strong>si</strong></span> <span class='ocrx_word' id='word_1_100' title='bbox 2322 1484 2475 1544; x_wconf 91' lang='lat' dir='ltr'><strong>ergo</strong></span> <span class='ocrx_word' id='word_1_101' title='bbox 2524 1463 2883 1546; x_wconf 86' lang='lat' dir='ltr'><strong>quisquam</strong></span> 
     </span>
     <span class='ocr_line' id='line_1_12' title="bbox 651 1562 2880 1640; baseline -0.001 -13"><span class='ocrx_word' id='word_1_102' title='bbox 651 1572 939 1628; x_wconf 91' lang='lat' dir='ltr'><strong>nostrum</strong></span> <span class='ocrx_word' id='word_1_103' title='bbox 968 1563 1295 1640; x_wconf 86' lang='lat' dir='ltr'><strong>deliberet,</strong></span> <span class='ocrx_word' id='word_1_104' title='bbox 1324 1572 1390 1626; x_wconf 90' lang='lat' dir='ltr'><strong>et</strong></span> <span class='ocrx_word' id='word_1_105' title='bbox 1418 1586 1636 1628; x_wconf 89' lang='lat' dir='ltr'><strong>secum</strong></span> <span class='ocrx_word' id='word_1_106' title='bbox 1663 1564 2119 1628; x_wconf 81' lang='lat' dir='ltr'><strong>altercantibus</strong></span> <span class='ocrx_word' id='word_1_107' title='bbox 2150 1562 2399 1627; x_wconf 90' lang='lat' dir='ltr'><strong>duabus</strong></span> <span class='ocrx_word' id='word_1_108' title='bbox 2428 1564 2880 1627; x_wconf 84' lang='lat' dir='ltr'><strong>voluntatibus</strong></span> 
     </span>
     <span class='ocr_line' id='line_1_13' title="bbox 653 1666 2874 1750; baseline -0 -21"><span class='ocrx_word' id='word_1_109' title='bbox 653 1669 941 1743; x_wconf 88' lang='lat' dir='ltr'><strong>fluctuet,</strong></span> <span class='ocrx_word' id='word_1_110' title='bbox 970 1674 1180 1729; x_wconf 88' lang='lat' dir='ltr'><strong>utrum</strong></span> <span class='ocrx_word' id='word_1_111' title='bbox 1210 1666 1292 1730; x_wconf 93' lang='lat' dir='ltr'><strong>ad</strong></span> <span class='ocrx_word' id='word_1_112' title='bbox 1320 1668 1638 1731; x_wconf 81' lang='lat' dir='ltr'><strong>theatrum</strong></span> <span class='ocrx_word' id='word_1_113' title='bbox 1664 1675 1910 1750; x_wconf 84' lang='lat' dir='ltr'><strong>pergat,</strong></span> <span class='ocrx_word' id='word_1_114' title='bbox 1940 1688 2025 1731; x_wconf 91' lang='lat' dir='ltr'><strong>an</strong></span> <span class='ocrx_word' id='word_1_115' title='bbox 2054 1667 2139 1730; x_wconf 88' lang='lat' dir='ltr'><strong>ad</strong></span> <span class='ocrx_word' id='word_1_116' title='bbox 2167 1667 2505 1730; x_wconf 88' lang='lat' dir='ltr'><strong>ecclesiam</strong></span> <span class='ocrx_word' id='word_1_117' title='bbox 2542 1666 2874 1729; x_wconf 83' lang='lat' dir='ltr'><strong>nostram?</strong></span> 
     </span>
     <span class='ocr_line' id='line_1_14' title="bbox 652 1766 2874 1850; baseline -0.001 -20"><span class='ocrx_word' id='word_1_118' title='bbox 652 1788 866 1830; x_wconf 90' lang='lat' dir='ltr'><strong>nonne</strong></span> <span class='ocrx_word' id='word_1_119' title='bbox 887 1775 954 1830; x_wconf 90' lang='lat' dir='ltr'><strong>et</strong></span> <span class='ocrx_word' id='word_1_120' title='bbox 971 1766 1081 1830; x_wconf 89' lang='lat' dir='ltr'><strong>isti</strong></span> <span class='ocrx_word' id='word_1_121' title='bbox 1103 1766 1261 1850; x_wconf 88' lang='lat' dir='ltr'><strong>quid</strong></span> <span class='ocrx_word' id='word_1_122' title='bbox 1281 1768 1713 1850; x_wconf 81' lang='lat' dir='ltr'><strong>respondeant</strong></span> <span class='ocrx_word' id='word_1_123' title='bbox 1732 1766 2171 1831; x_wconf 85' lang='lat' dir='ltr'><strong>fluctuabunt?</strong></span> <span class='ocrx_word' id='word_1_124' title='bbox 2217 1769 2352 1830; x_wconf 88' lang='lat' dir='ltr'><strong>Aut</strong></span> <span class='ocrx_word' id='word_1_125' title='bbox 2378 1768 2549 1831; x_wconf 90' lang='lat' dir='ltr'><strong>enim</strong></span> <span class='ocrx_word' id='word_1_126' title='bbox 2576 1767 2874 1831; x_wconf 88' lang='lat' dir='ltr'><strong>fatebun-</strong></span> 
     </span>
     <span class='ocr_line' id='line_1_15' title="bbox 652 1866 2875 1951; baseline 0 -22"><span class='ocrx_word' id='word_1_127' title='bbox 652 1878 776 1945; x_wconf 91' lang='lat' dir='ltr'><strong>tur,</strong></span> <span class='ocrx_word' id='word_1_128' title='bbox 808 1866 983 1951; x_wconf 88' lang='lat' dir='ltr'><strong>quod</strong></span> <span class='ocrx_word' id='word_1_129' title='bbox 1022 1869 1271 1945; x_wconf 89' lang='lat' dir='ltr'><strong>nolunt,</strong></span> <span class='ocrx_word' id='word_1_130' title='bbox 1299 1870 1471 1932; x_wconf 88' lang='lat' dir='ltr'><strong>bona.</strong></span> <span class='ocrx_word' id='word_1_131' title='bbox 1509 1871 1833 1931; x_wconf 82' lang='lat' dir='ltr'><strong>voluntate</strong></span> <span class='ocrx_word' id='word_1_132' title='bbox 1870 1869 2056 1951; x_wconf 85' lang='lat' dir='ltr'><strong>pergi</strong></span> <span class='ocrx_word' id='word_1_133' title='bbox 2084 1869 2154 1930; x_wconf 92' lang='lat' dir='ltr'><strong>in</strong></span> <span class='ocrx_word' id='word_1_134' title='bbox 2184 1869 2525 1932; x_wconf 88' lang='lat' dir='ltr'><strong>ecclesiam</strong></span> <span class='ocrx_word' id='word_1_135' title='bbox 2564 1879 2875 1945; x_wconf 87' lang='lat' dir='ltr'><strong>nostram,</strong></span> 
     </span>
     <span class='ocr_line' id='line_1_16' title="bbox 655 1970 2876 2057; baseline -0.001 -23"><span class='ocrx_word' id='word_1_136' title='bbox 655 1970 823 2036; x_wconf 87' lang='lat' dir='ltr'><strong>sicut</strong></span> <span class='ocrx_word' id='word_1_137' title='bbox 853 1970 923 2033; x_wconf 91' lang='lat' dir='ltr'><strong>in</strong></span> <span class='ocrx_word' id='word_1_138' title='bbox 952 1992 1094 2035; x_wconf 87' lang='lat' dir='ltr'><strong>eam</strong></span> <span class='ocrx_word' id='word_1_139' title='bbox 1133 1980 1409 2053; x_wconf 69' lang='lat' dir='ltr'><strong>pergimt</strong></span> <span class='ocrx_word' id='word_1_140' title='bbox 1451 1973 1567 2057; x_wconf 88' lang='lat' dir='ltr'><strong>qui</strong></span> <span class='ocrx_word' id='word_1_141' title='bbox 1610 1972 2022 2036; x_wconf 84' lang='lat' dir='ltr'><strong>sacramentis</strong></span> <span class='ocrx_word' id='word_1_142' title='bbox 2062 1972 2199 2055; x_wconf 87' lang='lat' dir='ltr'><strong>ejus</strong></span> <span class='ocrx_word' id='word_1_143' title='bbox 2238 1972 2468 2035; x_wconf 86' lang='lat' dir='ltr'><strong>imbuti</strong></span> <span class='ocrx_word' id='word_1_144' title='bbox 2496 1978 2652 2034; x_wconf 89' lang='lat' dir='ltr'><strong>sunt</strong></span> <span class='ocrx_word' id='word_1_145' title='bbox 2680 1980 2876 2053; x_wconf 87' lang='lat' dir='ltr'><strong>atque</strong></span> 
     </span>
     <span class='ocr_line' id='line_1_17' title="bbox 655 2071 2875 2151; baseline -0.001 -17"><span class='ocrx_word' id='word_1_146' title='bbox 655 2072 1052 2135; x_wconf 89' lang='lat' dir='ltr'><strong>detinentur:</strong></span> <span class='ocrx_word' id='word_1_147' title='bbox 1101 2080 1214 2134; x_wconf 90' lang='lat' dir='ltr'><strong>aut</strong></span> <span class='ocrx_word' id='word_1_148' title='bbox 1252 2072 1412 2135; x_wconf 87' lang='lat' dir='ltr'><strong>duas</strong></span> <span class='ocrx_word' id='word_1_149' title='bbox 1453 2074 1655 2136; x_wconf 88' lang='lat' dir='ltr'><strong>malas</strong></span> <span class='ocrx_word' id='word_1_150' title='bbox 1696 2082 1976 2151; x_wconf 76' lang='lat' dir='ltr'><strong>naturas»,</strong></span> <span class='ocrx_word' id='word_1_151' title='bbox 2006 2082 2071 2136; x_wconf 88' lang='lat' dir='ltr'><strong>et</strong></span> <span class='ocrx_word' id='word_1_152' title='bbox 2099 2071 2258 2135; x_wconf 87' lang='lat' dir='ltr'><strong>duas</strong></span> <span class='ocrx_word' id='word_1_153' title='bbox 2286 2074 2485 2134; x_wconf 86' lang='lat' dir='ltr'><strong>malas</strong></span> <span class='ocrx_word' id='word_1_154' title='bbox 2522 2079 2777 2134; x_wconf 88' lang='lat' dir='ltr'><strong>mentes</strong></span> <span class='ocrx_word' id='word_1_155' title='bbox 2806 2071 2875 2132; x_wconf 92' lang='lat' dir='ltr'><strong>in</strong></span> 
     </span>
     <span class='ocr_line' id='line_1_18' title="bbox 652 2171 2873 2257; baseline -0.001 -22"><span class='ocrx_word' id='word_1_156' title='bbox 652 2194 784 2235; x_wconf 88' lang='lat' dir='ltr'><strong>uno</strong></span> <span class='ocrx_word' id='word_1_157' title='bbox 825 2172 1087 2237; x_wconf 90' lang='lat' dir='ltr'><strong>homine</strong></span> <span class='ocrx_word' id='word_1_158' title='bbox 1131 2173 1471 2255; x_wconf 86' lang='lat' dir='ltr'><strong>confligere</strong></span> <span class='ocrx_word' id='word_1_159' title='bbox 1514 2175 1872 2257; x_wconf 83' lang='lat' dir='ltr'><strong>putabunt3</strong></span> <span class='ocrx_word' id='word_1_160' title='bbox 1918 2181 1982 2236; x_wconf 91' lang='lat' dir='ltr'><strong>et</strong></span> <span class='ocrx_word' id='word_1_161' title='bbox 2009 2193 2142 2235; x_wconf 91' lang='lat' dir='ltr'><strong>non</strong></span> <span class='ocrx_word' id='word_1_162' title='bbox 2170 2173 2288 2235; x_wconf 90' lang='lat' dir='ltr'><strong>erit</strong></span> <span class='ocrx_word' id='word_1_163' title='bbox 2314 2194 2533 2235; x_wconf 86' lang='lat' dir='ltr'><strong>verum</strong></span> <span class='ocrx_word' id='word_1_164' title='bbox 2563 2171 2745 2255; x_wconf 91' lang='lat' dir='ltr'><strong>quod</strong></span> <span class='ocrx_word' id='word_1_165' title='bbox 2774 2193 2873 2234; x_wconf 90' lang='lat' dir='ltr'><strong>so-</strong></span> 
     </span>
     <span class='ocr_line' id='line_1_19' title="bbox 649 2274 2873 2351; baseline -0.001 -14"><span class='ocrx_word' id='word_1_166' title='bbox 649 2277 790 2337; x_wconf 92' lang='lat' dir='ltr'><strong>lent</strong></span> <span class='ocrx_word' id='word_1_167' title='bbox 831 2274 1064 2351; x_wconf 87' lang='lat' dir='ltr'><strong>dicere,</strong></span> <span class='ocrx_word' id='word_1_168' title='bbox 1102 2295 1296 2338; x_wconf 87' lang='lat' dir='ltr'><strong>unam</strong></span> <span class='ocrx_word' id='word_1_169' title='bbox 1345 2276 1585 2337; x_wconf 88' lang='lat' dir='ltr'><strong>bonam</strong></span> <span class='ocrx_word' id='word_1_170' title='bbox 1632 2275 1892 2337; x_wconf 84' lang='lat' dir='ltr'><strong>alteram</strong></span> <span class='ocrx_word' id='word_1_171' title='bbox 1934 2274 2197 2337; x_wconf 87' lang='lat' dir='ltr'><strong>malam:</strong></span> <span class='ocrx_word' id='word_1_172' title='bbox 2266 2280 2377 2335; x_wconf 88' lang='lat' dir='ltr'><strong>aut</strong></span> <span class='ocrx_word' id='word_1_173' title='bbox 2420 2280 2873 2336; x_wconf 85' lang='lat' dir='ltr'><strong>convertentur</strong></span> 
     </span>
     <span class='ocr_line' id='line_1_20' title="bbox 654 2373 2871 2460; baseline -0 -22"><span class='ocrx_word' id='word_1_174' title='bbox 654 2375 738 2438; x_wconf 88' lang='lat' dir='ltr'><strong>ad</strong></span> <span class='ocrx_word' id='word_1_175' title='bbox 779 2397 1018 2452; x_wconf 87' lang='lat' dir='ltr'><strong>vemm,</strong></span> <span class='ocrx_word' id='word_1_176' title='bbox 1062 2385 1127 2439; x_wconf 91' lang='lat' dir='ltr'><strong>et</strong></span> <span class='ocrx_word' id='word_1_177' title='bbox 1165 2398 1299 2439; x_wconf 94' lang='lat' dir='ltr'><strong>non</strong></span> <span class='ocrx_word' id='word_1_178' title='bbox 1340 2378 1689 2457; x_wconf 88' lang='lat' dir='ltr'><strong>negabunt,</strong></span> <span class='ocrx_word' id='word_1_179' title='bbox 1719 2397 1867 2439; x_wconf 90' lang='lat' dir='ltr'><strong>cum</strong></span> <span class='ocrx_word' id='word_1_180' title='bbox 1911 2376 2186 2460; x_wconf 89' lang='lat' dir='ltr'><strong>quisque</strong></span> <span class='ocrx_word' id='word_1_181' title='bbox 2230 2373 2558 2451; x_wconf 84' lang='lat' dir='ltr'><strong>deliberat,</strong></span> <span class='ocrx_word' id='word_1_182' title='bbox 2589 2374 2871 2439; x_wconf 88' lang='lat' dir='ltr'><strong>animam</strong></span> 
     </span>
     <span class='ocr_line' id='line_1_21' title="bbox 652 2476 1921 2541; baseline -0.002 0"><span class='ocrx_word' id='word_1_183' title='bbox 652 2498 848 2541; x_wconf 88' lang='lat' dir='ltr'><strong>unam</strong></span> <span class='ocrx_word' id='word_1_184' title='bbox 876 2476 1142 2539; x_wconf 89' lang='lat' dir='ltr'><strong>diversis</strong></span> <span class='ocrx_word' id='word_1_185' title='bbox 1171 2476 1609 2539; x_wconf 89' lang='lat' dir='ltr'><strong>voluntatibus</strong></span> <span class='ocrx_word' id='word_1_186' title='bbox 1639 2485 1921 2539; x_wconf 82' lang='lat' dir='ltr'><strong>aestuare.</strong></span> 
     </span>
    </p>

    <p class='ocr_par' dir='ltr' id='par_1_4' title="bbox 644 2574 2867 4581">
     <span class='ocr_line' id='line_1_22' title="bbox 739 2574 2867 2657; baseline 0 -18"><span class='ocrx_word' id='word_1_187' title='bbox 739 2583 842 2639; x_wconf 82' lang='lat'><strong>24.</strong></span> <span class='ocrx_word' id='word_1_188' title='bbox 887 2579 931 2642; x_wconf 93' lang='lat' dir='ltr'><strong>J</strong></span> <span class='ocrx_word' id='word_1_189' title='bbox 933 2598 1035 2641; x_wconf 90' lang='lat' dir='ltr'><strong>am</strong></span> <span class='ocrx_word' id='word_1_190' title='bbox 1079 2598 1232 2657; x_wconf 91' lang='lat' dir='ltr'><strong>ergo</strong></span> <span class='ocrx_word' id='word_1_191' title='bbox 1274 2598 1406 2640; x_wconf 88' lang='lat' dir='ltr'><strong>non</strong></span> <span class='ocrx_word' id='word_1_192' title='bbox 1449 2576 1689 2653; x_wconf 78' lang='lat' dir='ltr'><strong>dicant,</strong></span> <span class='ocrx_word' id='word_1_193' title='bbox 1720 2599 1868 2641; x_wconf 91' lang='lat' dir='ltr'><strong>cum</strong></span> <span class='ocrx_word' id='word_1_194' title='bbox 1905 2577 2066 2641; x_wconf 92' lang='lat' dir='ltr'><strong>duas</strong></span> <span class='ocrx_word' id='word_1_195' title='bbox 2103 2579 2463 2641; x_wconf 87' lang='lat' dir='ltr'><strong>voluntates</strong></span> <span class='ocrx_word' id='word_1_196' title='bbox 2498 2574 2572 2640; x_wconf 89' lang='lat' dir='ltr'><strong>in</strong></span> <span class='ocrx_word' id='word_1_197' title='bbox 2606 2577 2867 2640; x_wconf 90' lang='lat' dir='ltr'><strong>homine</strong></span> 
     </span>
     <span class='ocr_line' id='line_1_23' title="bbox 652 2677 2865 2756; baseline 0 -15"><span class='ocrx_word' id='word_1_198' title='bbox 652 2698 784 2741; x_wconf 91' lang='lat' dir='ltr'><strong>uno</strong></span> <span class='ocrx_word' id='word_1_199' title='bbox 813 2677 1130 2742; x_wconf 87' lang='lat' dir='ltr'><strong>adversari</strong></span> <span class='ocrx_word' id='word_1_200' title='bbox 1163 2677 1288 2739; x_wconf 90' lang='lat' dir='ltr'><strong>sibi</strong></span> <span class='ocrx_word' id='word_1_201' title='bbox 1317 2677 1619 2756; x_wconf 88' lang='lat' dir='ltr'><strong>sentiunt,</strong></span> <span class='ocrx_word' id='word_1_202' title='bbox 1650 2678 1809 2741; x_wconf 86' lang='lat' dir='ltr'><strong>duas</strong></span> <span class='ocrx_word' id='word_1_203' title='bbox 1839 2679 2187 2741; x_wconf 85' lang='lat' dir='ltr'><strong>contrarias</strong></span> <span class='ocrx_word' id='word_1_204' title='bbox 2228 2686 2475 2741; x_wconf 90' lang='lat' dir='ltr'><strong>mentes</strong></span> <span class='ocrx_word' id='word_1_205' title='bbox 2504 2678 2585 2740; x_wconf 89' lang='lat' dir='ltr'><strong>de</strong></span> <span class='ocrx_word' id='word_1_206' title='bbox 2616 2677 2865 2741; x_wconf 87' lang='lat' dir='ltr'><strong>duabus</strong></span> 
     </span>
     <span class='ocr_line' id='line_1_24' title="bbox 653 2777 2863 2863; baseline 0 -21"><span class='ocrx_word' id='word_1_207' title='bbox 653 2778 986 2842; x_wconf 86' lang='lat' dir='ltr'><strong>contrariis</strong></span> <span class='ocrx_word' id='word_1_208' title='bbox 1015 2777 1390 2841; x_wconf 83' lang='lat' dir='ltr'><strong>substantiis</strong></span> <span class='ocrx_word' id='word_1_209' title='bbox 1420 2785 1486 2840; x_wconf 89' lang='lat' dir='ltr'><strong>et</strong></span> <span class='ocrx_word' id='word_1_210' title='bbox 1513 2778 1595 2841; x_wconf 92' lang='lat' dir='ltr'><strong>de</strong></span> <span class='ocrx_word' id='word_1_211' title='bbox 1622 2777 1875 2842; x_wconf 90' lang='lat' dir='ltr'><strong>duobus</strong></span> <span class='ocrx_word' id='word_1_212' title='bbox 1897 2780 2227 2842; x_wconf 82' lang='lat' dir='ltr'><strong>contrariis</strong></span> <span class='ocrx_word' id='word_1_213' title='bbox 2246 2778 2585 2863; x_wconf 88' lang='lat' dir='ltr'><strong>principiis</strong></span> <span class='ocrx_word' id='word_1_214' title='bbox 2605 2787 2863 2842; x_wconf 90' lang='lat' dir='ltr'><strong>conten—</strong></span> 
     </span>
     <span class='ocr_line' id='line_1_25' title="bbox 655 2881 2862 2961; baseline -0 -16"><span class='ocrx_word' id='word_1_215' title='bbox 655 2882 824 2960; x_wconf 90' lang='lat' dir='ltr'><strong>dere,</strong></span> <span class='ocrx_word' id='word_1_216' title='bbox 868 2903 1063 2945; x_wconf 87' lang='lat' dir='ltr'><strong>unam</strong></span> <span class='ocrx_word' id='word_1_217' title='bbox 1118 2884 1379 2961; x_wconf 89' lang='lat' dir='ltr'><strong>bonam,</strong></span> <span class='ocrx_word' id='word_1_218' title='bbox 1424 2883 1687 2945; x_wconf 86' lang='lat' dir='ltr'><strong>alteram</strong></span> <span class='ocrx_word' id='word_1_219' title='bbox 1730 2884 1981 2946; x_wconf 89' lang='lat' dir='ltr'><strong>malam.</strong></span> <span class='ocrx_word' id='word_1_220' title='bbox 2073 2885 2245 2946; x_wconf 87' lang='lat' dir='ltr'><strong>Nam</strong></span> <span class='ocrx_word' id='word_1_221' title='bbox 2286 2891 2378 2959; x_wconf 91' lang='lat' dir='ltr'><strong>tu,</strong></span> <span class='ocrx_word' id='word_1_222' title='bbox 2423 2881 2606 2943; x_wconf 88' lang='lat' dir='ltr'><strong>Deus</strong></span> <span class='ocrx_word' id='word_1_223' title='bbox 2648 2903 2862 2958; x_wconf 85' lang='lat' dir='ltr'><strong>verax,</strong></span> 
     </span>
     <span class='ocr_line' id='line_1_26' title="bbox 652 2982 2860 3069; baseline -0.001 -22"><span class='ocrx_word' id='word_1_224' title='bbox 652 2986 979 3069; x_wconf 82' lang='lat' dir='ltr'><strong>improbas</strong></span> <span class='ocrx_word' id='word_1_225' title='bbox 1019 3005 1149 3061; x_wconf 72' lang='lat' dir='ltr'><strong>eos»,</strong></span> <span class='ocrx_word' id='word_1_226' title='bbox 1181 2991 1245 3046; x_wconf 89' lang='lat' dir='ltr'><strong>et</strong></span> <span class='ocrx_word' id='word_1_227' title='bbox 1271 2982 1602 3063; x_wconf 84' lang='lat' dir='ltr'><strong>redarguis</strong></span> <span class='ocrx_word' id='word_1_228' title='bbox 1632 2991 1824 3067; x_wconf 91' lang='lat' dir='ltr'><strong>atque</strong></span> <span class='ocrx_word' id='word_1_229' title='bbox 1854 2984 2185 3048; x_wconf 87' lang='lat' dir='ltr'><strong>convincis</strong></span> <span class='ocrx_word' id='word_1_230' title='bbox 2224 3004 2355 3059; x_wconf 76' lang='lat' dir='ltr'><strong>eOS,</strong></span> <span class='ocrx_word' id='word_1_231' title='bbox 2388 2983 2555 3045; x_wconf 89' lang='lat' dir='ltr'><strong>sicut</strong></span> <span class='ocrx_word' id='word_1_232' title='bbox 2593 2983 2663 3044; x_wconf 91' lang='lat' dir='ltr'><strong>in</strong></span> <span class='ocrx_word' id='word_1_233' title='bbox 2698 2990 2860 3045; x_wconf 87' lang='lat' dir='ltr'><strong>utra-</strong></span> 
     </span>
     <span class='ocr_line' id='line_1_27' title="bbox 653 3083 2860 3170; baseline -0.002 -21"><span class='ocrx_word' id='word_1_234' title='bbox 653 3108 779 3170; x_wconf 91' lang='lat' dir='ltr'><strong>que</strong></span> <span class='ocrx_word' id='word_1_235' title='bbox 820 3087 993 3149; x_wconf 86' lang='lat' dir='ltr'><strong>mala.</strong></span> <span class='ocrx_word' id='word_1_236' title='bbox 1032 3088 1381 3161; x_wconf 88' lang='lat' dir='ltr'><strong>voluntate,</strong></span> <span class='ocrx_word' id='word_1_237' title='bbox 1422 3105 1573 3147; x_wconf 90' lang='lat' dir='ltr'><strong>cum</strong></span> <span class='ocrx_word' id='word_1_238' title='bbox 1618 3085 1892 3168; x_wconf 88' lang='lat' dir='ltr'><strong>quisque</strong></span> <span class='ocrx_word' id='word_1_239' title='bbox 1937 3083 2246 3148; x_wconf 91' lang='lat' dir='ltr'><strong>deliberat</strong></span> <span class='ocrx_word' id='word_1_240' title='bbox 2286 3092 2497 3146; x_wconf 89' lang='lat' dir='ltr'><strong>utrum</strong></span> <span class='ocrx_word' id='word_1_241' title='bbox 2538 3084 2860 3146; x_wconf 87' lang='lat' dir='ltr'><strong>hominem</strong></span> 
     </span>
     <span class='ocr_line' id='line_1_28' title="bbox 653 3185 2859 3261; baseline -0.001 -12"><span class='ocrx_word' id='word_1_242' title='bbox 653 3208 899 3250; x_wconf 90' lang='lat' dir='ltr'><strong>veneno</strong></span> <span class='ocrx_word' id='word_1_243' title='bbox 928 3186 1249 3249; x_wconf 90' lang='lat' dir='ltr'><strong>interimat</strong></span> <span class='ocrx_word' id='word_1_244' title='bbox 1287 3207 1371 3248; x_wconf 92' lang='lat' dir='ltr'><strong>an</strong></span> <span class='ocrx_word' id='word_1_245' title='bbox 1409 3185 1614 3261; x_wconf 83' lang='lat' dir='ltr'><strong>ferr03</strong></span> <span class='ocrx_word' id='word_1_246' title='bbox 1659 3193 1873 3248; x_wconf 89' lang='lat' dir='ltr'><strong>utrum</strong></span> <span class='ocrx_word' id='word_1_247' title='bbox 1910 3186 2180 3249; x_wconf 88' lang='lat' dir='ltr'><strong>fundum</strong></span> <span class='ocrx_word' id='word_1_248' title='bbox 2220 3186 2499 3248; x_wconf 89' lang='lat' dir='ltr'><strong>alienum</strong></span> <span class='ocrx_word' id='word_1_249' title='bbox 2536 3185 2743 3261; x_wconf 90' lang='lat' dir='ltr'><strong>illum,</strong></span> <span class='ocrx_word' id='word_1_250' title='bbox 2782 3206 2859 3246; x_wconf 87' lang='lat' dir='ltr'><strong>an</strong></span> 
     </span>
     <span class='ocr_line' id='line_1_29' title="bbox 651 3284 2859 3370; baseline -0.001 -20"><span class='ocrx_word' id='word_1_251' title='bbox 651 3288 834 3350; x_wconf 90' lang='lat' dir='ltr'><strong>illum</strong></span> <span class='ocrx_word' id='word_1_252' title='bbox 883 3286 1166 3364; x_wconf 90' lang='lat' dir='ltr'><strong>invadat,</strong></span> <span class='ocrx_word' id='word_1_253' title='bbox 1218 3284 1476 3369; x_wconf 90' lang='lat' dir='ltr'><strong>quando</strong></span> <span class='ocrx_word' id='word_1_254' title='bbox 1523 3296 1866 3370; x_wconf 91' lang='lat' dir='ltr'><strong>utrumque</strong></span> <span class='ocrx_word' id='word_1_255' title='bbox 1922 3308 2055 3349; x_wconf 88' lang='lat' dir='ltr'><strong>non</strong></span> <span class='ocrx_word' id='word_1_256' title='bbox 2110 3294 2360 3369; x_wconf 87' lang='lat' dir='ltr'><strong>potest3</strong></span> <span class='ocrx_word' id='word_1_257' title='bbox 2426 3293 2639 3348; x_wconf 85' lang='lat' dir='ltr'><strong>utrum</strong></span> <span class='ocrx_word' id='word_1_258' title='bbox 2698 3292 2859 3348; x_wconf 89' lang='lat' dir='ltr'><strong>emat</strong></span> 
     </span>
     <span class='ocr_line' id='line_1_30' title="bbox 651 3385 2857 3470; baseline -0.001 -21"><span class='ocrx_word' id='word_1_259' title='bbox 651 3388 1043 3470; x_wconf 88' lang='lat' dir='ltr'><strong>voluptatem</strong></span> <span class='ocrx_word' id='word_1_260' title='bbox 1084 3387 1364 3464; x_wconf 85' lang='lat' dir='ltr'><strong>luxuria,</strong></span> <span class='ocrx_word' id='word_1_261' title='bbox 1408 3408 1494 3450; x_wconf 89' lang='lat' dir='ltr'><strong>an</strong></span> <span class='ocrx_word' id='word_1_262' title='bbox 1536 3389 1878 3470; x_wconf 90' lang='lat' dir='ltr'><strong>pecuniam</strong></span> <span class='ocrx_word' id='word_1_263' title='bbox 1922 3395 2128 3458; x_wconf 87' lang='lat' dir='ltr'><strong>servet</strong></span> <span class='ocrx_word' id='word_1_264' title='bbox 2172 3387 2474 3464; x_wconf 83' lang='lat' dir='ltr'><strong>avaritia3</strong></span> <span class='ocrx_word' id='word_1_265' title='bbox 2525 3394 2737 3449; x_wconf 79' lang='lat' dir='ltr'><strong>utrum</strong></span> <span class='ocrx_word' id='word_1_266' title='bbox 2778 3385 2857 3447; x_wconf 88' lang='lat' dir='ltr'><strong>ad</strong></span> 
     </span>
     <span class='ocr_line' id='line_1_31' title="bbox 653 3486 2854 3571; baseline -0.002 -18"><span class='ocrx_word' id='word_1_267' title='bbox 653 3491 896 3553; x_wconf 89' lang='lat' dir='ltr'><strong>circum</strong></span> <span class='ocrx_word' id='word_1_268' title='bbox 936 3496 1182 3571; x_wconf 88' lang='lat' dir='ltr'><strong>pergat,</strong></span> <span class='ocrx_word' id='word_1_269' title='bbox 1212 3510 1295 3551; x_wconf 86' lang='lat' dir='ltr'><strong>an</strong></span> <span class='ocrx_word' id='word_1_270' title='bbox 1325 3487 1409 3551; x_wconf 92' lang='lat' dir='ltr'><strong>ad</strong></span> <span class='ocrx_word' id='word_1_271' title='bbox 1437 3489 1778 3566; x_wconf 74' lang='lat' dir='ltr'><strong>theatrum,</strong></span> <span class='ocrx_word' id='word_1_272' title='bbox 1808 3489 1862 3551; x_wconf 90' lang='lat' dir='ltr'><strong>si</strong></span> <span class='ocrx_word' id='word_1_273' title='bbox 1900 3510 2031 3551; x_wconf 93' lang='lat' dir='ltr'><strong>uno</strong></span> <span class='ocrx_word' id='word_1_274' title='bbox 2071 3488 2177 3551; x_wconf 91' lang='lat' dir='ltr'><strong>die</strong></span> <span class='ocrx_word' id='word_1_275' title='bbox 2216 3496 2555 3571; x_wconf 74' lang='lat' dir='ltr'><strong>utriunque</strong></span> <span class='ocrx_word' id='word_1_276' title='bbox 2596 3486 2854 3549; x_wconf 89' lang='lat' dir='ltr'><strong>exhibe—</strong></span> 
     </span>
     <span class='ocr_line' id='line_1_32' title="bbox 649 3588 2854 3667; baseline -0.002 -14"><span class='ocrx_word' id='word_1_277' title='bbox 649 3599 831 3667; x_wconf 83' lang='lat' dir='ltr'><strong>atur3</strong></span> <span class='ocrx_word' id='word_1_278' title='bbox 893 3590 1060 3655; x_wconf 90' lang='lat' dir='ltr'><strong>addo</strong></span> <span class='ocrx_word' id='word_1_279' title='bbox 1105 3591 1298 3653; x_wconf 88' lang='lat' dir='ltr'><strong>etiam</strong></span> <span class='ocrx_word' id='word_1_280' title='bbox 1345 3590 1619 3667; x_wconf 83' lang='lat' dir='ltr'><strong>tertium,</strong></span> <span class='ocrx_word' id='word_1_281' title='bbox 1650 3612 1733 3653; x_wconf 89' lang='lat' dir='ltr'><strong>an</strong></span> <span class='ocrx_word' id='word_1_282' title='bbox 1778 3591 1861 3653; x_wconf 90' lang='lat' dir='ltr'><strong>ad</strong></span> <span class='ocrx_word' id='word_1_283' title='bbox 1902 3591 2141 3653; x_wconf 87' lang='lat' dir='ltr'><strong>furtum</strong></span> <span class='ocrx_word' id='word_1_284' title='bbox 2186 3590 2267 3652; x_wconf 91' lang='lat' dir='ltr'><strong>de</strong></span> <span class='ocrx_word' id='word_1_285' title='bbox 2312 3589 2503 3652; x_wconf 90' lang='lat' dir='ltr'><strong>domo</strong></span> <span class='ocrx_word' id='word_1_286' title='bbox 2548 3588 2775 3664; x_wconf 88' lang='lat' dir='ltr'><strong>aliena,</strong></span> <span class='ocrx_word' id='word_1_287' title='bbox 2804 3588 2854 3649; x_wconf 90' lang='lat' dir='ltr'><strong>si</strong></span> 
     </span>
     <span class='ocr_line' id='line_1_33' title="bbox 653 3688 2854 3774; baseline -0.002 -19"><span class='ocrx_word' id='word_1_288' title='bbox 653 3693 875 3755; x_wconf 88' lang='lat' dir='ltr'><strong>subest</strong></span> <span class='ocrx_word' id='word_1_289' title='bbox 915 3691 1207 3767; x_wconf 87' lang='lat' dir='ltr'><strong>occasi03</strong></span> <span class='ocrx_word' id='word_1_290' title='bbox 1253 3689 1422 3753; x_wconf 89' lang='lat' dir='ltr'><strong>addo</strong></span> <span class='ocrx_word' id='word_1_291' title='bbox 1453 3699 1516 3753; x_wconf 85' lang='lat' dir='ltr'><strong>et</strong></span> <span class='ocrx_word' id='word_1_292' title='bbox 1548 3701 1860 3774; x_wconf 87' lang='lat' dir='ltr'><strong>quartum,</strong></span> <span class='ocrx_word' id='word_1_293' title='bbox 1892 3712 1975 3754; x_wconf 88' lang='lat' dir='ltr'><strong>an</strong></span> <span class='ocrx_word' id='word_1_294' title='bbox 2003 3690 2088 3755; x_wconf 88' lang='lat' dir='ltr'><strong>ad</strong></span> <span class='ocrx_word' id='word_1_295' title='bbox 2116 3689 2643 3755; x_wconf 88' lang='lat' dir='ltr'><strong>committendum</strong></span> <span class='ocrx_word' id='word_1_296' title='bbox 2688 3688 2854 3751; x_wconf 91' lang='lat' dir='ltr'><strong>adul-</strong></span> 
     </span>
     <span class='ocr_line' id='line_1_34' title="bbox 650 3790 2857 3876; baseline -0.002 -20"><span class='ocrx_word' id='word_1_297' title='bbox 650 3793 900 3869; x_wconf 84' lang='lat' dir='ltr'><strong>terium,</strong></span> <span class='ocrx_word' id='word_1_298' title='bbox 931 3792 985 3855; x_wconf 89' lang='lat' dir='ltr'><strong>si</strong></span> <span class='ocrx_word' id='word_1_299' title='bbox 1016 3800 1081 3855; x_wconf 91' lang='lat' dir='ltr'><strong>et</strong></span> <span class='ocrx_word' id='word_1_300' title='bbox 1105 3790 1255 3854; x_wconf 91' lang='lat' dir='ltr'><strong>inde</strong></span> <span class='ocrx_word' id='word_1_301' title='bbox 1286 3792 1476 3853; x_wconf 90' lang='lat' dir='ltr'><strong>simul</strong></span> <span class='ocrx_word' id='word_1_302' title='bbox 1511 3792 1783 3856; x_wconf 84' lang='lat' dir='ltr'><strong>facultas</strong></span> <span class='ocrx_word' id='word_1_303' title='bbox 1826 3794 2124 3876; x_wconf 86' lang='lat' dir='ltr'><strong>aperitur,</strong></span> <span class='ocrx_word' id='word_1_304' title='bbox 2155 3792 2209 3855; x_wconf 91' lang='lat' dir='ltr'><strong>si</strong></span> <span class='ocrx_word' id='word_1_305' title='bbox 2240 3792 2456 3855; x_wconf 89' lang='lat' dir='ltr'><strong>omnia</strong></span> <span class='ocrx_word' id='word_1_306' title='bbox 2484 3798 2857 3855; x_wconf 83' lang='lat' dir='ltr'><strong>concurrant</strong></span> 
     </span>
     <span class='ocr_line' id='line_1_35' title="bbox 651 3892 2851 3976; baseline -0.001 -21"><span class='ocrx_word' id='word_1_307' title='bbox 651 3894 719 3955; x_wconf 87' lang='lat' dir='ltr'><strong>in</strong></span> <span class='ocrx_word' id='word_1_308' title='bbox 748 3915 948 3957; x_wconf 91' lang='lat' dir='ltr'><strong>unum</strong></span> <span class='ocrx_word' id='word_1_309' title='bbox 977 3893 1312 3957; x_wconf 77' lang='lat' dir='ltr'><strong>articulum</strong></span> <span class='ocrx_word' id='word_1_310' title='bbox 1341 3893 1668 3975; x_wconf 73' lang='lat' dir='ltr'><strong>temporie,</strong></span> <span class='ocrx_word' id='word_1_311' title='bbox 1696 3894 2058 3976; x_wconf 84' lang='lat' dir='ltr'><strong>pariterque</strong></span> <span class='ocrx_word' id='word_1_312' title='bbox 2096 3893 2435 3976; x_wconf 90' lang='lat' dir='ltr'><strong>cupiantur</strong></span> <span class='ocrx_word' id='word_1_313' title='bbox 2470 3892 2689 3956; x_wconf 89' lang='lat' dir='ltr'><strong>omnia</strong></span> <span class='ocrx_word' id='word_1_314' title='bbox 2718 3914 2851 3975; x_wconf 84' lang='lat' dir='ltr'><strong>quae</strong></span> 
     </span>
     <span class='ocr_line' id='line_1_36' title="bbox 651 3992 2851 4079; baseline -0.001 -22"><span class='ocrx_word' id='word_1_315' title='bbox 651 3993 841 4057; x_wconf 88' lang='lat' dir='ltr'><strong>simul</strong></span> <span class='ocrx_word' id='word_1_316' title='bbox 869 3994 974 4076; x_wconf 87' lang='lat' dir='ltr'><strong>agi</strong></span> <span class='ocrx_word' id='word_1_317' title='bbox 1001 4002 1368 4079; x_wconf 88' lang='lat' dir='ltr'><strong>nequeunt:</strong></span> <span class='ocrx_word' id='word_1_318' title='bbox 1422 3992 1794 4079; x_wconf 88' lang='lat' dir='ltr'><strong>discerpunt</strong></span> <span class='ocrx_word' id='word_1_319' title='bbox 1836 3995 2006 4057; x_wconf 88' lang='lat' dir='ltr'><strong>enim</strong></span> <span class='ocrx_word' id='word_1_320' title='bbox 2046 3996 2329 4058; x_wconf 89' lang='lat' dir='ltr'><strong>animum</strong></span> <span class='ocrx_word' id='word_1_321' title='bbox 2358 3995 2615 4058; x_wconf 90' lang='lat' dir='ltr'><strong>sibimet</strong></span> <span class='ocrx_word' id='word_1_322' title='bbox 2644 3993 2851 4057; x_wconf 89' lang='lat' dir='ltr'><strong>adver·</strong></span> 
     </span>
     <span class='ocr_line' id='line_1_37' title="bbox 649 4095 2851 4179; baseline -0.001 -20"><span class='ocrx_word' id='word_1_323' title='bbox 649 4096 936 4159; x_wconf 88' lang='lat' dir='ltr'><strong>santibus</strong></span> <span class='ocrx_word' id='word_1_324' title='bbox 995 4105 1265 4179; x_wconf 87' lang='lat' dir='ltr'><strong>quatuor</strong></span> <span class='ocrx_word' id='word_1_325' title='bbox 1323 4095 1781 4170; x_wconf 77' lang='lat' dir='ltr'><strong>voluntatibuS,</strong></span> <span class='ocrx_word' id='word_1_326' title='bbox 1827 4097 1930 4157; x_wconf 92' lang='lat' dir='ltr'><strong>vel</strong></span> <span class='ocrx_word' id='word_1_327' title='bbox 1976 4097 2168 4160; x_wconf 90' lang='lat' dir='ltr'><strong>etiam</strong></span> <span class='ocrx_word' id='word_1_328' title='bbox 2224 4096 2518 4179; x_wconf 89' lang='lat' dir='ltr'><strong>pluribus</strong></span> <span class='ocrx_word' id='word_1_329' title='bbox 2566 4095 2638 4157; x_wconf 91' lang='lat' dir='ltr'><strong>in</strong></span> <span class='ocrx_word' id='word_1_330' title='bbox 2686 4102 2851 4157; x_wconf 79' lang='lat' dir='ltr'><strong>tanta</strong></span> 
     </span>
     <span class='ocr_line' id='line_1_38' title="bbox 649 4196 2848 4281; baseline -0.001 -22"><span class='ocrx_word' id='word_1_331' title='bbox 649 4196 840 4279; x_wconf 89' lang='lat' dir='ltr'><strong>copia</strong></span> <span class='ocrx_word' id='word_1_332' title='bbox 905 4217 1116 4259; x_wconf 90' lang='lat' dir='ltr'><strong>rerum</strong></span> <span class='ocrx_word' id='word_1_333' title='bbox 1186 4218 1331 4281; x_wconf 85' lang='lat' dir='ltr'><strong>quae</strong></span> <span class='ocrx_word' id='word_1_334' title='bbox 1401 4203 1807 4279; x_wconf 89' lang='lat' dir='ltr'><strong>appetuntur,</strong></span> <span class='ocrx_word' id='word_1_335' title='bbox 1864 4218 1984 4260; x_wconf 91' lang='lat' dir='ltr'><strong>nec</strong></span> <span class='ocrx_word' id='word_1_336' title='bbox 2055 4205 2271 4259; x_wconf 89' lang='lat' dir='ltr'><strong>tamen</strong></span> <span class='ocrx_word' id='word_1_337' title='bbox 2336 4202 2579 4259; x_wconf 81' lang='lat' dir='ltr'><strong>tantam</strong></span> <span class='ocrx_word' id='word_1_338' title='bbox 2649 4196 2848 4257; x_wconf 91' lang='lat' dir='ltr'><strong>multi-</strong></span> 
     </span>
     <span class='ocr_line' id='line_1_39' title="bbox 647 4295 2848 4361; baseline -0.001 -2"><span class='ocrx_word' id='word_1_339' title='bbox 647 4296 934 4359; x_wconf 88' lang='lat' dir='ltr'><strong>tudinem</strong></span> <span class='ocrx_word' id='word_1_340' title='bbox 984 4295 1370 4359; x_wconf 89' lang='lat' dir='ltr'><strong>diversarum</strong></span> <span class='ocrx_word' id='word_1_341' title='bbox 1421 4296 1919 4360; x_wconf 77' lang='lat' dir='ltr'><strong>substantiarum</strong></span> <span class='ocrx_word' id='word_1_342' title='bbox 1969 4299 2177 4361; x_wconf 89' lang='lat' dir='ltr'><strong>solent</strong></span> <span class='ocrx_word' id='word_1_343' title='bbox 2228 4297 2470 4360; x_wconf 88' lang='lat' dir='ltr'><strong>dicere:</strong></span> <span class='ocrx_word' id='word_1_344' title='bbox 2537 4296 2634 4358; x_wconf 89' lang='lat' dir='ltr'><strong>ita</strong></span> <span class='ocrx_word' id='word_1_345' title='bbox 2681 4302 2747 4357; x_wconf 90' lang='lat' dir='ltr'><strong>et</strong></span> <span class='ocrx_word' id='word_1_346' title='bbox 2788 4298 2848 4357; x_wconf 89' lang='lat' dir='ltr'><strong>in</strong></span> 
     </span>
     <span class='ocr_line' id='line_1_40' title="bbox 644 4396 2845 4481; baseline 0 -22"><span class='ocrx_word' id='word_1_347' title='bbox 644 4398 837 4460; x_wconf 91' lang='lat' dir='ltr'><strong>bonis</strong></span> <span class='ocrx_word' id='word_1_348' title='bbox 874 4396 1329 4460; x_wconf 88' lang='lat' dir='ltr'><strong>voluntatibus.</strong></span> <span class='ocrx_word' id='word_1_349' title='bbox 1421 4398 1593 4460; x_wconf 88' lang='lat' dir='ltr'><strong>Nam</strong></span> <span class='ocrx_word' id='word_1_350' title='bbox 1636 4419 1852 4481; x_wconf 88' lang='lat' dir='ltr'><strong>quaero</strong></span> <span class='ocrx_word' id='word_1_351' title='bbox 1882 4400 1962 4462; x_wconf 90' lang='lat' dir='ltr'><strong>ab</strong></span> <span class='ocrx_word' id='word_1_352' title='bbox 1994 4399 2089 4461; x_wconf 88' lang='lat' dir='ltr'><strong>eis</strong></span> <span class='ocrx_word' id='word_1_353' title='bbox 2117 4406 2327 4462; x_wconf 85' lang='lat' dir='ltr'><strong>utrum</strong></span> <span class='ocrx_word' id='word_1_354' title='bbox 2365 4400 2610 4460; x_wconf 91' lang='lat' dir='ltr'><strong>bonum</strong></span> <span class='ocrx_word' id='word_1_355' title='bbox 2640 4398 2725 4459; x_wconf 90' lang='lat' dir='ltr'><strong>sit</strong></span> <span class='ocrx_word' id='word_1_356' title='bbox 2751 4396 2845 4459; x_wconf 86' lang='lat' dir='ltr'><strong>de—</strong></span> 
     </span>
     <span class='ocr_line' id='line_1_41' title="bbox 649 4497 2842 4581; baseline 0 -22"><span class='ocrx_word' id='word_1_357' title='bbox 649 4498 871 4561; x_wconf 85' lang='lat' dir='ltr'><strong>lectari</strong></span> <span class='ocrx_word' id='word_1_358' title='bbox 899 4497 1172 4561; x_wconf 86' lang='lat' dir='ltr'><strong>lectione</strong></span> <span class='ocrx_word' id='word_1_359' title='bbox 1201 4498 1518 4580; x_wconf 89' lang='lat' dir='ltr'><strong>Apostoli,</strong></span> <span class='ocrx_word' id='word_1_360' title='bbox 1550 4505 1615 4561; x_wconf 91' lang='lat' dir='ltr'><strong>et</strong></span> <span class='ocrx_word' id='word_1_361' title='bbox 1640 4506 1852 4562; x_wconf 85' lang='lat' dir='ltr'><strong>utrum</strong></span> <span class='ocrx_word' id='word_1_362' title='bbox 1895 4497 2133 4563; x_wconf 90' lang='lat' dir='ltr'><strong>bonum</strong></span> <span class='ocrx_word' id='word_1_363' title='bbox 2164 4499 2249 4564; x_wconf 89' lang='lat' dir='ltr'><strong>sit</strong></span> <span class='ocrx_word' id='word_1_364' title='bbox 2278 4497 2580 4563; x_wconf 86' lang='lat' dir='ltr'><strong>delectari</strong></span> <span class='ocrx_word' id='word_1_365' title='bbox 2607 4498 2842 4581; x_wconf 86' lang='lat' dir='ltr'><strong>psalmo</strong></span> 
     </span>
    </p>
   </div>
   <div class='ocr_carea' id='block_1_3' title="bbox 3001 1701 3007 2343">
    <p class='ocr_par' dir='ltr' id='par_1_5' title="bbox 3001 1701 3007 2343">
     <span class='ocr_line' id='line_1_42' title="bbox 3001 1701 3007 2343; baseline 0 0"><span class='ocrx_word' id='word_1_366' title='bbox 3001 1701 3007 2343; x_wconf 95' lang='lat' dir='ltr'><strong> </strong></span> 
     </span>
    </p>
   </div>
  </div>
 </body>
</html>
