3042 5059
601 323 1317 428 CONEESSIONUM
1363 326 1651 391 LIBER
1692 329 1849 392 XII.
2197 335 2329 392 ‘239

85 480 447 558 ltu-incipio
468 479 644 561 fecit
673 481 856 542 Deus
881 481 1108 542 coelum
1141 488 1206 543 et
1238 490 1503 555 terram,
1535 482 1604 544 id
1636 490 1753 560 est,
1783 484 1823 514 “
1860 484 1938 546 In
1970 485 2186 549 Verbo
2220 507 2341 548 suo

104 579 245 642 sibi
275 588 596 644 coaeterno
627 580 780 646 fecit
807 582 988 645 Deus
1017 581 1350 646 informem
1388 585 1720 648 materiam
1767 595 2067 650 creaturoe
2112 609 2338 672 corpo·

100 681 270 745 ralis
299 683 415 746 ubi
448 683 786 747 confusum
829 685 1040 749 adhuc
1071 696 1206 750 erat
1234 686 1469 751 coelum
1499 697 1565 752 et
1590 695 1777 766 terra,
1807 707 1951 770 quae
1994 711 2165 755 nunc
2200 691 2337 774 jam

109 782 434 848 distincta
463 795 656 869 atque
685 785 955 850 formata
982 787 1051 849 in
1079 786 1266 850 istius
1294 786 1520 851 mundi
1536 789 1705 851 mole
1728 788 2095 853 sentimus.”
2141 790 2341 854 Aliud

105 886 232 969 qui
275 886 466 951 dicit:
533 890 622 951 In
657 891 996 970 principio
1009 891 1186 974 fecit
1224 893 1406 954 Deus
1448 892 1676 954 coelum
1717 898 1783 953 et
1821 898 2087 968 terram,
2117 892 2189 955 id
2220 901 2341 970 est,

107 989 154 1019 ‘⁴
189 989 275 1050 In
312 988 463 1073 ipso
503 988 770 1052 exordio
813 988 1095 1055 faciendi
1133 1001 1326 1075 atque
1372 990 1703 1074 operandi,
1733 992 1886 1055 fecit
1923 993 2105 1055 Deus
2145 993 2339 1056 infor-

107 1109 288 1151 mem
342 1091 672 1154 materiam
721 1091 986 1155 confuse
1030 1092 1374 1156 habentem
1422 1094 1659 1156 coelum
1720 1102 1786 1156 et
1841 1101 2103 1171 terram3
2167 1094 2340 1158 unde

101 1192 392 1256 formata
415 1213 590 1257 nunc
632 1193 915 1259 eminent
951 1201 1018 1258 et
1052 1203 1386 1279 apparent,
1417 1216 1565 1258 cum
1605 1196 1903 1259 omnibus
1946 1216 2091 1279 quae
2124 1196 2195 1257 in
2238 1195 2335 1258 eis

105 1293 328 1355 sunt.”

207 1399 316 1457 30.
366 1396 532 1458 Item
555 1394 730 1478 quod
760 1398 990 1462 attinet
1017 1398 1102 1462 ad
1127 1399 1522 1462 intellectum
1554 1400 1890 1461 verborum
1915 1399 2340 1482 sequentium,
2401 1434 2545 1485 XXI.

107 1517 200 1558 ex
231 1495 371 1559 illis
402 1497 702 1560 omnibus
731 1499 919 1577 veris,
941 1500 1118 1563 aliud
1148 1499 1271 1562 sibi
1300 1499 1470 1563 tollit
1497 1500 1611 1582 qui
1642 1498 1829 1563 dicit:
1885 1502 2091 1563 Terra
2118 1508 2338 1563 autem
2360 1497 2501 1577 Tm?
2547 1565 2557 1576 ,

107 1605 262 1660 erat
307 1597 652 1661 invisibilis
680 1607 745 1662 et
787 1602 1230 1680 incomposita,
1259 1607 1324 1662 et
1369 1599 1645 1662 tenebroe
1686 1608 1878 1663 erant
1920 1620 2117 1680 super
2158 1599 2338 1681 abys-
2354 1572 2581 1676 §attam-

105 1719 284 1776 sum,
314 1698 388 1762 id
416 1707 532 1776 est,
561 1699 600 1732 “
636 1699 1028 1784 Corporale*
1075 1700 1238 1764 illud
1267 1699 1440 1784 quod
1467 1701 1624 1766 fecit
1661 1703 1864 1780 DeuS,
1894 1700 2105 1765 adhuc
2141 1709 2338 1765 mate·
2355 1693 2555 1805 3⁰:¹³2}

105 1800 242 1863 ries
273 1808 414 1865 erat
440 1821 884 1884 corporearum
920 1823 1132 1866 rerum
1161 1802 1472 1879 informiS‚
1503 1802 1643 1865 sine
1684 1802 1927 1881 ordine,
1958 1802 2097 1865 sine
2135 1772 2578 1870 luce.’'1el=t¹um.‘

107 1902 318 1965 Aliud
349 1903 464 1985 qui
507 1901 698 1966 dicit:
752 1905 953 1968 Terra
981 1913 1201 1968 autem
1232 1913 1378 1967 erat
1420 1903 1763 1967 invisibilis
1788 1911 1854 1966 et
1896 1905 2340 1984 incomposita,

107 2011 178 2065 et
227 2003 500 2067 tenebroe
539 2013 729 2067 erant
773 2026 967 2086 super
1008 2005 1325 2088 abyssum,
1363 2003 1434 2066 id
1472 2012 1592 2081 est,
1638 2004 1677 2035 “
1710 2005 1863 2068 Hoc
1909 2012 2115 2066 totum
2161 2003 2337 2087 quod

110 2106 362 2168 coelum
407 2112 472 2168 et
511 2111 678 2168 terra
720 2107 1116 2189 appellatum
1157 2114 1274 2184 est,
1305 2105 1516 2169 adhuc
1559 2104 1851 2168 informis
1894 2112 1960 2168 et
2002 2105 2342 2168 tenebrosa

109 2207 420 2270 materies
448 2214 603 2284 erat,
630 2206 802 2270 unde
829 2206 1015 2270 fieret
1043 2207 1279 2271 coelum
1309 2221 1687 2289 corporeum
1715 2215 1781 2269 et
1808 2215 1973 2270 terra
2012 2226 2340 2288 corporea,

113 2329 271 2372 cum
299 2309 604 2372 omnibus
635 2330 780 2392 quae
809 2308 880 2370 in
909 2306 1004 2371 eis
1033 2317 1184 2372 sunt
1213 2308 1533 2391 corporeis
1566 2307 1861 2372 sensibus
1890 2307 2099 2371 nota.”
2142 2307 2341 2370 Aliud

113 2410 237 2494 qui
286 2407 484 2473 dicit:
568 2410 766 2472 Terra
816 2417 1038 2472 autem
1093 2417 1237 2474 erat
1283 2409 1627 2472 invisibilis
1674 2417 1740 2472 et
1788 2410 2230 2488 incomposita,
2275 2416 2342 2471 et

115 2511 401 2575 tenebrae
461 2519 654 2574 erant
711 2532 906 2592 super
963 2511 1280 2594 abyssum,
1332 2510 1400 2574 id
1451 2520 1573 2588 est,
1622 2511 1661 2542 “
1694 2512 1847 2575 Hoc
1909 2518 2112 2574 totum
2164 2507 2341 2592 quod

113 2614 360 2676 coelum
399 2622 466 2677 et
501 2622 667 2677 terra
705 2615 1100 2697 appellatum
1140 2623 1256 2694 est,
1301 2613 1514 2678 adhuc
1558 2612 1847 2676 informis
1892 2619 1956 2676 et
2008 2608 2342 2676 tenebrosa

114 2718 418 2782 materies
449 2726 603 2798 erat,
631 2717 803 2781 unde
831 2718 1011 2782 fieret
1041 2720 1274 2782 coelum
1304 2717 1711 2798 intelligibile
1732 2715 1908 2801 quod
1930 2715 2085 2780 alibi
2108 2715 2341 2778 dicitur

115 2820 362 2883 coelum
389 2819 570 2896 coeli3
617 2829 682 2883 et
709 2827 895 2897 terra,
927 2821 1176 2885 scilicet
1204 2819 1414 2883 omnis
1441 2827 1671 2883 natura
1700 2839 2026 2902 corporea,
2058 2819 2177 2881 sub
2210 2840 2340 2903 quo
2357 2842 2437 2890 p..
2460 2843 2575 2898 113,

119 2920 390 2984 nomine
419 2919 814 3001 intelligatur
841 2921 1032 2984 etiam
1060 2921 1187 2984 hoc
1219 2921 1456 2983 coelum
1485 2939 1863 3004 corporeum
1887 2943 1905 2997 3
1944 2918 2012 2982 id
2044 2927 2143 2982 est
2167 2918 2339 2982 unde
2357 2907 2437 2999 ¹⁶5

117 3021 308 3084 fieret
377 3021 586 3084 omnis
641 3021 986 3084 invisibilis
1043 3021 1448 3105 visibilisque
1513 3020 1857 3084 creatura.”
1971 3019 2168 3082 Aliud
2229 3019 2341 3103 qui

115 3124 314 3187 dicit:
374 3125 576 3187 Terra
603 3133 824 3186 autem
853 3133 998 3187 erat
1025 3125 1369 3188 invisibilis
1396 3132 1462 3187 et
1491 3125 1937 3204 incomposita,
1964 3131 2029 3186 et
2074 3124 2342 3186 tenebroe

115 3234 313 3289 erant
343 3246 540 3306 super
567 3223 860 3306 abyssum
880 3250 902 3295 ;
955 3226 995 3256 “
1025 3246 1156 3287 non
1189 3225 1365 3288 illam
1405 3223 1858 3287 informitatem
1899 3223 2159 3286 nomine
2198 3227 2342 3287 coeli

116 3336 179 3390 et
209 3335 404 3390 terrae
435 3326 764 3408 Scriptura
793 3325 1173 3408 appellavit3
1213 3323 1327 3387 sed
1343 3323 1482 3408 jam
1512 3332 1668 3400 erat,
1696 3323 1928 3408 inquit,
1956 3323 2103 3408 ipsa
2145 3325 2339 3388 infor·

115 3428 312 3491 mitas
343 3448 541 3510 quam
582 3434 811 3488 terram
849 3425 1240 3489 invisibilem
1284 3438 1350 3487 et
1388 3425 1880 3508 incompositam
1909 3427 2339 3489 tenebrosam-

121 3550 246 3613 que
278 3529 588 3612 abyssum
614 3526 988 3604 nominavit,
1011 3524 1092 3589 de
1115 3547 1246 3610 qua
1266 3525 1501 3589 coelum
1532 3533 1598 3588 et
1626 3533 1852 3588 terram
1871 3521 2085 3590 Deum
2111 3527 2341 3590 secisse

119 3630 538 3715 praedixerat,
584 3628 976 3713 spiritualem
1037 3627 1306 3705 scilicet,
1348 3627 1869 3711 corporalemque
1931 3627 2340 3692 creaturam.’'

120 3730 324 3795 Aliud
354 3731 470 3814 qui
500 3730 695 3794 dicit:
751 3731 951 3792 Terra
989 3737 1209 3792 autem
1238 3735 1383 3790 erat
1419 3727 1761 3792 invisibilis
1788 3736 1853 3791 et
1895 3730 2339 3809 incomposita,

120 3842 184 3897 et
216 3833 494 3897 tenebroe
521 3839 717 3896 erant
745 3852 938 3911 super
967 3829 1284 3911 abyssum,
1314 3826 1386 3889 id
1429 3836 1545 3905 cst,
1576 3828 1615 3859 “
1648 3829 2013 3893 Informitas
2044 3829 2339 3913 quaedam

112 3934 256 4018 jam
285 3934 588 3998 materies
617 3942 772 4011 erat,
801 3930 974 3995 unde
1005 3933 1230 3994 coelum
1259 3937 1324 3992 et
1355 3937 1597 3991 terram
1627 3931 1843 3992 Deum
1854 3928 2093 4013 fecisse
2124 3929 2340 4011 Scrip-

119 4045 266 4100 tura
317 4034 664 4121 praedixit3
738 4043 940 4098 totam
987 4033 1236 4096 scilicet
1283 4051 1652 4113 corpoream
1699 4029 1924 4092 mundi
1972 4031 2227 4107 molem,
2269 4031 2339 4092 in

120 4139 286 4202 duas
346 4136 668 4202 maximas
726 4142 960 4221 parteS‚
1013 4133 1401 4218 superiorem
1460 4139 1651 4215 atque
1709 4130 2068 4196 inferiorem
2130 4131 2340 4194 distri-

121 4306 234 4340 caro
257 4299 407 4341 esset:
440 4290 508 4339 sic
539 4290 732 4338 fortasse
767 4289 914 4354 potuit
949 4297 997 4338 et
1027 4288 1204 4344 anima,
1270 4286 1476 4350 aliquam
1499 4285 1739 4334 materiam
1761 4301 1845 4350 pro
1865 4300 1951 4334 suo
1974 4300 2140 4349 genere
2162 4283 2342 4350 spirita·

122 4365 381 4422 antequam
426 4371 486 4404 ea
531 4355 634 4421 ipsa
686 4362 853 4403 natura
906 4354 1052 4408 fieret,
1095 4369 1204 4418 quaa
1270 4351 1384 4406 lem,
1459 4367 1532 4399 ηε
1576 4350 1783 4399 nondum
1822 4358 1943 4398 esset
1988 4348 2173 4409 auima3
2222 4348 2344 4398 sicut

124 4420 288 4468 anima
319 4421 513 4478 dicitur,
536 4419 674 4484 cujus
707 4419 784 4468 vel
814 4418 1082 4484 pulcritudo
1114 4418 1206 4464 vir·
1269 4423 1392 4464 terra
1465 4431 1492 4464 e
1536 4429 1633 4478 qua
1673 4429 1782 4462 caro
1822 4413 1949 4463 facta
1990 4420 2076 4468 est,
2110 4413 2210 4478 jam
2242 4421 2344 4463 erat

125 4493 234 4544 tus,·
261 4485 338 4534 vel
382 4483 654 4534 deformitas
695 4483 854 4533 vitium
901 4491 989 4542 eet,
1033 4481 1208 4532 habere
1271 4479 1468 4544 aliquid,
1489 4478 1703 4545 quamvis
1722 4494 1818 4529 non
1836 4486 1938 4528 erat
1958 4492 2085 4527 caro.
