3042 5059
653 349 781 406 254
1209 340 1276 402 S.
1324 337 1843 401 AUGUSTINI
1888 336 2305 400 EPISCOPI

650 507 898 561 tantum
945 496 1102 572 scio,
1133 493 1290 578 quia
1331 494 1498 556 male
1542 492 1703 556 mihi
1746 501 1846 564 est
1886 501 2120 576 praeter
2144 502 2230 570 te,
2258 515 2389 556 non
2432 487 2649 557 solum
2698 501 2895 555 extra

653 619 778 677 me,
805 596 920 660 sed
958 604 1023 659 et
1053 596 1122 658 in
1153 595 1442 678 meipso;
1487 603 1557 658 et
1584 594 1795 657 omnis
1836 594 2001 656 mihi
2050 595 2247 677 copia
2282 617 2428 679 quae
2468 596 2661 659 Deus
2698 614 2895 657 meus

651 719 788 762 non
815 704 934 774 ost,
963 703 1220 777 egestas
1247 703 1364 759 est.

481 822 575 873 lx.
747 803 845 861 10.
893 797 1232 882 Numquid
1260 805 1373 861 aut
1391 797 1587 860 Pater
1613 804 1727 859 aut
1744 795 1949 858 Filius
1976 817 2111 858 non
2138 796 2655 880 superferebatur
2682 817 2894 878 super

416 885 619 1017 ffi'sffij
655 899 901 986 aquas?
994 900 1064 963 Si
1095 909 1402 983 tanquam
1426 899 1575 960 loco
1607 899 1777 961 sicut
1812 918 2068 980 corpus,
2096 919 2219 961 nec
2250 897 2527 982 Spiritus
2568 906 2887 962 sanctus:

417 1015 536 1063 ritus
657 1005 714 1068 si
763 1013 976 1067 autem
1031 1000 1579 1066 incommutabilis
1630 1000 1985 1064 divinitatis
2032 1001 2381 1063 eminentia
2436 1021 2635 1084 super
2682 1022 2890 1064 omne

415 1086 609 1129 unctus
655 1106 986 1182 mutabile,
1011 1111 1078 1167 et
1106 1105 1296 1167 Pater
1322 1111 1390 1165 et
1415 1102 1623 1165 Filius
1652 1111 1717 1166 et
1744 1102 2021 1186 Spiritus
2062 1110 2322 1166 sanctus
2358 1103 2891 1187 superferebatur

417 1159 602 1258 ²33¹]-
659 1228 852 1291 super
880 1227 1100 1290 aquas.
1161 1204 1296 1269 Cur
1323 1225 1476 1286 ergo
1501 1211 1757 1267 tantum
1783 1202 1863 1266 de
1887 1203 2133 1286 Spiritu
2160 1211 2271 1266 tuo
2298 1203 2547 1268 dictum
2576 1211 2678 1268 est
2706 1203 2883 1268 hoc?

333 1303 344 1312 ·
417 1279 494 1322 tur
508 1286 646 1337 super

420 1352 588 1402 aqua.
659 1332 775 1374 cur
803 1310 884 1373 de
912 1310 1026 1372 illo
1055 1315 1304 1373 tantum
1335 1307 1581 1372 dictum
1608 1306 1749 1371 est?
1814 1307 2017 1380 Quasi
2044 1309 2225 1371 locus
2252 1307 2347 1370 ibi
2375 1316 2566 1386 esset,
2596 1309 2716 1392 qui
2743 1327 2886 1370 non

657 1422 758 1476 est
790 1413 994 1488 locus,
1025 1410 1106 1473 de
1137 1431 1268 1494 quo
1297 1409 1436 1472 solo
1467 1410 1713 1474 dictum
1740 1416 1843 1473 est
1870 1409 2048 1494 quod
2076 1409 2161 1473 sit
2189 1409 2429 1472 donum
2456 1416 2701 1473 tumm.
2796 1411 2887 1472 In

659 1515 830 1578 dono
859 1525 972 1578 tuo
999 1513 1498 1598 requiescimus3
1544 1513 1638 1576 ibi
1668 1521 1731 1576 te
1756 1512 2040 1576 fruimur.
2102 1513 2388 1597 Requies
2414 1521 2657 1590 nostra,
2686 1515 2887 1577 locus

422 1639 506 1685 ps,
528 1640 576 1687 9.
658 1624 889 1679 noster.
956 1616 1153 1677 Amor
1179 1613 1336 1676 illuc
1365 1612 1601 1677 attollit
1626 1633 1768 1691 nos,
1797 1621 1865 1677 et
1894 1613 2171 1699 Spiritus
2196 1623 2347 1677 tuus
2373 1616 2587 1678 bonus
2614 1617 2887 1678 exaltat

423 1704 500 1751 ¹⁵·
658 1717 1086 1780 humilitatem
1114 1724 1398 1778 nostram
1425 1715 1506 1778 de
1526 1717 1739 1796 portis
1764 1718 2009 1779 mortis.
2076 1718 2157 1779 In
2182 1717 2359 1779 bona
2376 1718 2712 1780 voluntate
2742 1739 2886 1801 pax

419 1781 542 1893 hun-c.
561 1782 610 1838 ρ’
659 1820 850 1882 nobis
873 1828 986 1882 est.
1033 1818 1287 1902 Corpus
1307 1816 1588 1900 pondere
1611 1837 1727 1879 suo
1748 1817 1974 1881 nititur
1990 1816 2076 1881 ad
2100 1818 2318 1880 locum
2346 1837 2551 1880 suum.
2607 1818 2887 1883 Pondus

658 1939 790 1984 non
828 1919 912 1983 ad
953 1920 1084 1983 ima
1121 1928 1369 1983 tantum
1409 1926 1529 1995 est,
1559 1917 1675 1981 sed
1716 1917 1800 1982 ad
1838 1920 2053 1983 locum
2098 1941 2305 1982 suum.
2394 1921 2581 2001 Ignis
2620 1942 2886 1984 sursum

657 2020 884 2096 tendit,
925 2020 1221 2084 deorsum
1270 2018 1457 2102 lapis
1549 2016 1951 2082 Ponderibus
2000 2019 2133 2082 suis
2186 2027 2462 2100 aguntur
2473 2018 2527 2096 ',
2558 2022 2713 2084 loca
2764 2043 2889 2084 sua

655 2128 902 2205 petunt.
989 2121 1224 2183 Oleum
1265 2119 1432 2182 infra
1472 2139 1705 2203 aquam
1746 2119 1983 2197 fusum,
2010 2141 2205 2203 super
2244 2141 2481 2204 aquam
2520 2123 2886 2198 attollitur-3

658 2243 830 2307 aqua
871 2243 1065 2306 super
1103 2223 1317 2284 oleum
1355 2220 1520 2296 fusa,
1552 2219 1719 2282 infra
1758 2220 1973 2283 oleum
2011 2221 2431 2303 demergittir3
2477 2222 2890 2305 ponderibus

657 2325 794 2387 suis
821 2331 1120 2406 aguntur,
1141 2323 1287 2386 loca
1315 2343 1434 2384 sua
1459 2329 1711 2405 petunt.
1780 2322 2007 2385 Minus
2036 2321 2347 2400 ordinata,
2367 2323 2661 2407 inquieta
2690 2333 2885 2400 sunt;

659 2425 1054 2502 ordinantur,
1084 2432 1149 2487 et
1177 2423 1537 2507 quiescunt.
1604 2421 1869 2486 Pondus
1896 2446 2111 2487 meum
2139 2445 2317 2488 amor
2342 2445 2555 2502 meus3
2602 2447 2683 2488 eo
2714 2425 2889 2489 feror

660 2547 1066 2611 quocumque
1095 2525 1310 2588 feror'.
1399 2525 1597 2587 Dono
1627 2531 1737 2586 tuo
1766 2524 2192 2604 accendimur,
2222 2533 2287 2588 et
2316 2547 2567 2590 sursum
2592 2526 2885 2590 ferimur.

427 2647 506 2695 Ps.
531 2648 610 2706 83,
663 2628 1135 2693 Inardescimus
1173 2635 1238 2691 et
1273 2626 1461 2689 imus.
1550 2624 1977 2690 Ascendimus
2016 2630 2416 2690 ascensiones
2451 2631 2526 2691 in
2567 2629 2791 2707 corde,
2820 2639 2887 2693 et

423 2713 472 2760 ⁶·
661 2735 993 2793 cantamus
1037 2727 1362 2792 canticum
1405 2725 1738 2807 graduum.
1837 2728 1999 2807 Igne
2044 2737 2176 2803 tu0,
2214 2729 2365 2809 igne
2404 2739 2517 2793 tuo
2554 2731 2738 2793 bono
2782 2733 2883 2794 in-

427 2850 506 2896 Ρι.
537 2852 645 2909 1⁴21,
662 2830 1050 2893 ardescimus
1079 2837 1146 2892 et
1170 2829 1370 2904 imus3
1418 2828 1726 2912 quoniam
1770 2849 2021 2891 sursum
2060 2829 2227 2892 imus
2270 2831 2363 2891 ad
2392 2851 2633 2910 pacem
2678 2833 2883 2896 Jeru-

423 2915 469 2962 6.
505 2917 545 2962 ¹·
657 2934 879 3008 salem,
911 2932 1216 3015 quoniam
1243 2930 1661 3014 jucundatus
1696 2949 1841 2991 sum
1886 2931 1959 2991 in
1996 2932 2099 2993 his
2131 2933 2246 3014 qui
2282 2931 2601 2995 dixerunt
2644 2932 2883 3012 mihi‘‚

662 3037 750 3098 In
779 3036 1037 3097 dom-um
1070 3036 1342 3097 Domini
1369 3033 1624 3096 ibimus
1700 3034 1809 3095 Ibi
1834 3054 1957 3096 nos
1986 3035 2324 3097 collocavit
2350 3037 2653 3100 voluntas
2679 3039 2884 3116 bona,

659 3145 734 3199 ut
758 3136 922 3198 nihil
951 3136 1219 3198 velimus
1248 3135 1428 3198 aliud
1454 3156 1649 3219 quam
1679 3156 2045 3218 permanere
2073 3136 2207 3199 illic
2237 3137 2306 3198 in
2338 3145 2664 3202 aeternum.

510 3261 566 3307 x.
756 3243 852 3300 11.
901 3239 1104 3301 Beata
1147 3243 1436 3300 creatura
1478 3256 1625 3319 quae
1670 3256 1801 3297 non
1842 3235 2025 3298 novit
2069 3237 2265 3314 aliud,
2312 3259 2461 3302 cum
2508 3248 2682 3303 esset
2735 3242 2885 3326 ipsa

424 3325 650 3437 ξζίᾛζξ)
665 3339 863 3418 aliud,
889 3339 1018 3402 nisi
1064 3338 1234 3401 dono
1280 3346 1390 3400 tuo
1431 3335 1611 3418 quod
1646 3336 2033 3418 superfertur
2076 3359 2267 3421 super
2307 3361 2499 3404 omne
2542 3344 2882 3421 mutabile,

432 3453 532 3501 nia.
665 3463 822 3505 mox
849 3451 921 3505 ut
957 3440 1128 3505 facta
1165 3449 1283 3518 est,
1315 3439 1709 3502 attolleretur
1744 3438 1925 3500 nullo
1964 3439 2297 3503 intervallo
2338 3444 2649 3526 temporis
2686 3444 2761 3506 in
2800 3467 2883 3508 ea

423 3543 999 3618 Gen.1,3.vocatione
1028 3563 1158 3626 qua
1178 3540 1426 3616 dixisti,
1457 3539 1614 3602 Fiat
1641 3541 1782 3614 lux,
1802 3540 2084 3620 etfieret
2110 3539 2290 3604 lux-⁴.
2369 3543 2450 3605 In
2479 3545 2671 3607 nobis
2700 3547 2882 3608 enim

663 3752 812 3794 totum
831 3745 1064 3810 quidquid
1091 3754 1258 3810 praeter
1295 3746 1452 3794 Deum
1474 3755 1565 3795 est.
1631 3745 1729 3803 Qui
1796 3746 2020 3795 toeculum
2044 3748 2247 3811 excipiet
2269 3743 2315 3801 te
2335 3751 2474 3798 vultu
2493 3767 2601 3800 suo.
2660 3753 2798 3818 Aug.
2816 3757 2883 3805 ad

661 3825 748 3858 nos
771 3820 924 3858 tuetur
945 3813 996 3858 in
1028 3811 1131 3859 loco
1167 3811 1275 3858 vim
1310 3811 1466 3875 hujus,
1489 3813 1589 3876 ipse
1625 3819 1731 3874 post
1798 3813 1877 3860 Ps.
1902 3813 1983 3868 30,
2006 3813 2088 3861 21.
2112 3814 2281 3861 Enarr.
2307 3817 2355 3864 4.
2376 3815 2421 3882 ξ.
2448 3817 2495 3864 8.

660 3875 798 3924 istam
824 3875 964 3923 vitam
987 3877 1046 3923 sit
1065 3874 1198 3924 locus
1219 3885 1400 3924 noster:
1436 3877 1550 3939 quia
1572 3883 1621 3924 et
1643 3875 1729 3924 iste
1860 3881 1887 3920 <1
1923 3877 2065 3924 Porro
2110 3879 2365 3927 rectissime
2414 3879 2623 3946 Spiritus
2662 3894 2883 3943 sanctus,

661 3940 902 3996 Petimus,
927 3940 1013 3990 hoc
1035 3940 1082 3989 ei
1103 3941 1172 3990 ait
1191 3942 1418 4005 superius,
1445 3950 1456 3969 ⁸
1481 3941 1599 3988 Esto
1618 3940 1733 3988 mihi
1797 3955 1905 3990 cum
1920 3941 1981 3988 sit
1995 3941 2149 3997 Deus,
2164 3953 2357 3992 vocatur
2372 3945 2519 3994 etiam
2539 3947 2745 3997 Donum
2766 3949 2885 4000 Dei.

658 4008 710 4054 in
738 4007 896 4056 Deum
926 4013 1248 4072 protectorem,
1271 4014 1319 4054 et
1350 4005 1398 4052 in
1431 4006 1622 4054 domum
1662 4020 1732 4054 re·
1800 4005 1943 4064 Quod
1976 4004 2149 4054 donum
2184 4009 2364 4072 proprie
2395 4009 2513 4070 quid
2550 4010 2643 4060 nisi
2672 4014 2885 4065 charita,

660 4071 808 4134 sagii!
857 4072 984 4134 Ergo
1000 4070 1172 4120 erimus
1193 4070 1240 4116 in
1265 4069 1400 4118 vultu
1423 4070 1516 4117 Dei
1534 4070 1732 4117 abscon·
1800 4070 2105 4133 intelligenda
2126 4081 2213 4128 est,
2237 4087 2345 4136 quae
2369 4074 2589 4138 perducit
2612 4077 2679 4126 ad
2700 4079 2883 4138 Deum,

661 4135 766 4184 diti.
831 4136 958 4192 Quis
988 4135 1120 4183 sinus
1145 4142 1218 4184 est
1238 4133 1288 4181 in
1310 4134 1430 4182 facie
1463 4134 1580 4189 Dei,
1606 4149 1633 4180 a
1656 4150 1732 4183 me
1797 4143 1845 4183 et
1864 4137 1963 4183 siue
1981 4151 2079 4198 qua
2108 4137 2354 4200 quodlibet
2388 4138 2524 4188 aliud
2560 4141 2749 4192 donum
2788 4146 2885 4194 Dei

660 4201 946 4265 exspectatis
967 4199 1164 4248 audiret
1207 4200 1417 4262 Purgate
1437 4213 1537 4256 cor,
1559 4206 1613 4245 ut
1634 4198 1735 4258 ipse
1800 4214 1895 4248 non
1925 4201 2139 4265 perducit
2156 4201 2219 4250 ad
2248 4203 2431 4252 Deum}
2498 4204 2635 4269 Aug.
2658 4208 2725 4257 de
2748 4210 2881 4258 Trin.

657 4264 912 4323 illuminet,
929 4274 978 4313 et
993 4280 1134 4326 quem
1152 4263 1402 4318 invocatis.
1415 4262 1576 4311 intret.
1619 4263 1737 4310 Esto
1801 4265 1836 4312 1.
1859 4280 1936 4312 xv.
1958 4279 2001 4313 c.
2030 4266 2108 4313 18.

659 4330 826 4378 domus
837 4329 958 4395 ejus,
977 4337 1026 4376 et
1046 4328 1133 4377 erit
1151 4328 1320 4376 domus
1341 4335 1450 4376 tua:
1487 4327 1669 4375 habitet
1680 4329 1728 4376 in
1856 4334 1877 4362 ¹
1896 4330 1971 4378 Ite
1982 4330 2111 4379 enim
2122 4345 2291 4396 corpus
2304 4332 2674 4398 pondem‚⁸icut
2690 4337 2881 4386 animus

659 4401 724 4452 te,
744 4401 792 4444 et
813 4401 868 4442 tu
889 4393 1127 4442 habitabis
1145 4393 1194 4441 in
1214 4408 1287 4442 eo.
1353 4392 1404 4440 si
1435 4408 1548 4440 eum
1569 4391 1618 4439 in
1642 4392 1729 4441 boc
1794 4409 1951 4444 amore
1974 4395 2137 4452 fertur,
2153 4411 2449 4462 quocumque
2466 4397 2633 4450 fertur.
2670 4401 2805 4468 Aug.
2820 4404 2884 4452 de

659 4459 832 4508 seculo
861 4458 1100 4524 exceperis
1121 4459 1260 4508 corde
1283 4465 1384 4516 tuo,
1405 4456 1488 4507 ille
1511 4465 1619 4522 post
1640 4457 1729 4506 hoc
1796 4458 1904 4508 Civ.
1928 4459 2045 4521 Dei,
2069 4461 2102 4508 l.
2126 4461 2189 4510 xi.
2211 4477 2257 4510 c.
2279 4464 2362 4512 28.
