3042 5059
641 420 766 484 184
1188 416 1255 479 S.
1300 414 1817 479 AUGUSTINI
1862 411 2283 477 EPISCOPI

637 576 708 639 in
765 573 860 637 eis
902 592 1157 635 omnem
1211 569 1724 655 inquietudinem
1781 569 2000 645 animi,
2044 589 2239 653 quem
2294 566 2549 629 volebat
2602 564 2843 625 habere

637 677 910 739 liberum
937 680 1004 736 et
1032 694 1226 757 quam
1255 673 1474 736 multis
1501 683 1722 755 posset
1747 669 1923 733 horis
1955 669 2269 745 feriatum,
2300 666 2385 729 ad
2425 662 2840 749 quaerendum

639 774 904 859 aliquid,
932 776 1034 838 vel
1062 772 1408 855 legendum
1435 772 1539 835 vel
1568 770 1957 835 audiendum
1986 768 2067 833 de
2098 768 2429 852 sapientia.

731 881 829 937 14.
877 874 1174 947 Quodam
1200 874 1394 955 igitur
1423 871 1550 948 die,
1578 892 1712 933 non
1738 872 1953 934 recolo
1984 891 2243 934 causam
2274 890 2403 953 qua
2437 873 2573 931 erat
2607 866 2840 927 absens

639 976 1010 1053 NebridiuS,
1039 998 1185 1040 cum
1213 995 1369 1038 ecce
1395 973 1480 1037 ad
1507 994 1627 1035 nos
1658 972 1920 1035 domum
1948 971 2125 1034 venit
2163 970 2247 1033 ad
2284 990 2389 1032 me
2426 976 2493 1031 et
2532 964 2838 1047 Alypium

637 1078 1084 1143 Pontitianus⁸
1107 1076 1370 1161 quidam
1401 1076 1563 1139 civis
1590 1080 1807 1138 noster
1832 1072 2215 1155 inquantum
2234 1071 2406 1147 Afer,
2435 1068 2743 1153 praeclare
2770 1064 2836 1127 in

635 1178 876 1263 palatio
918 1178 1264 1241 militans-¹:
1323 1176 1544 1239 nescio
1589 1174 1748 1259 quid
1804 1196 1845 1238 a
1888 1174 2080 1255 nobis
2120 1173 2393 1234 volebat.
2482 1171 2577 1233 Et
2619 1188 2837 1231 conse-

636 1279 847 1343 dimus
875 1286 949 1341 ut
977 1280 1510 1362 colloqueremur3
1558 1282 1623 1339 et
1648 1276 1807 1339 forte
1838 1296 2031 1357 supra
2056 1286 2343 1337 mensam
2369 1268 2675 1334 lusoriam
2697 1289 2835 1351 quae

636 1389 782 1444 ante
812 1401 930 1442 nos
960 1387 1117 1455 erat,
1146 1376 1419 1442 attendit
1459 1377 1769 1453 codicem,
1798 1376 1968 1455 tulit,
2000 1374 2267 1458 aperuit,
2296 1371 2544 1435 invenit
2582 1376 2839 1453 aposto-

633 1482 769 1545 lum
795 1481 1090 1557 Paulum,
1119 1480 1448 1562 inopinate
1479 1500 1662 1542 sane:
1708 1484 2043 1561 putaverat
2070 1476 2241 1539 enim
2271 1473 2519 1557 aliquid
2548 1472 2630 1535 de
2660 1471 2837 1533 libris

635 1602 904 1667 quorum
938 1581 1250 1665 professio
1287 1602 1390 1643 me
1422 1581 1807 1643 conterebat.
1896 1580 2066 1641 Tum
2095 1598 2245 1640 vero
2274 1576 2580 1652 arridens,
2608 1594 2837 1655 meque

632 1686 910 1761 intuenS,
941 1683 1343 1765 gratulatorie
1383 1682 1647 1746 miratus
1678 1691 1777 1746 est
1804 1681 1979 1764 quod
2017 1702 2128 1743 eas
2156 1686 2221 1743 et
2249 1680 2419 1743 solas
2457 1698 2591 1761 prae
2634 1674 2838 1738 oculis

632 1786 793 1849 meis
836 1785 1113 1848 Litteras
1151 1793 1412 1867 repente
1456 1784 1890 1866 comperisset.
2010 1779 2413 1844 Christianus
2473 1778 2720 1861 quippe
2776 1783 2839 1837 et

633 1885 844 1949 fidelis
872 1893 1025 1963 erat,
1055 1892 1120 1948 et
1149 1906 1319 1967 saepe
1351 1885 1468 1948 tibi
1499 1886 1643 1947 Deo
1672 1892 1890 1947 nostro
1918 1883 2435 1966 prosternebatur
2460 1882 2531 1943 in
2564 1878 2837 1944 ecclesia

634 1985 870 2049 crebris
913 1992 976 2049 et
1018 1983 1334 2047 diuturnis
1391 1985 1807 2048 orationibus
1899 1984 2024 2049 Cui
2082 2004 2205 2065 ego
2250 2004 2397 2046 cum
2446 1980 2834 2043 indicassem

631 2087 762 2149 illis
817 2107 919 2148 me
980 2085 1328 2167 Scripturis
1386 2106 1604 2149 curam
1660 2084 2011 2148 maximam
2068 2083 2457 2167 impendere,
2505 2088 2684 2145 ortus
2746 2087 2841 2141 est

635 2207 861 2263 serm0,
903 2187 1050 2269 ipso
1089 2193 1404 2263 narrante,
1447 2186 1529 2249 de
1570 2187 1851 2250 Antonio
1868 2190 1887 2215 ¹
1919 2186 2227 2269 AEgyptio
2272 2184 2613 2259 monachO,
2656 2180 2841 2264 cujus

631 2308 868 2351 nomen
927 2287 1312 2349 excellenter
1368 2288 1652 2350 clarebat
1706 2286 1881 2370 apud
1936 2307 2151 2350 servos
2207 2293 2353 2348 tuos
2367 2310 2384 2362 3
2458 2304 2579 2347 nos
2624 2292 2838 2345 autem

631 2408 836 2471 usque
875 2387 944 2449 in
979 2386 1156 2451 illam
1200 2387 1421 2450 horam
1464 2388 1722 2451 latebat.
1814 2386 2006 2459 Quod
2040 2388 2149 2449 ille
2192 2388 2307 2449 ubi
2352 2384 2687 2468 comperit,
2723 2384 2839 2445 im-

629 2496 912 2553 moratus
951 2497 1047 2551 est
1074 2488 1144 2551 in
1173 2508 1250 2550 eo
1293 2508 1601 2565 sermone,
1630 2487 1965 2551 insinuans
2009 2496 2253 2553 tantum
2292 2490 2499 2551 virum
2539 2487 2840 2569 ignoran-

629 2592 825 2667 tibus,
847 2597 912 2652 et
933 2588 1254 2653 admirans
1283 2588 1571 2653 eamdem
1592 2596 1874 2652 nostram
1894 2590 2337 2671 ignorantiam.
2407 2591 2841 2672 stupebamus

631 2700 846 2755 autem
875 2691 1206 2755 audientes
1234 2700 1364 2755 tam
1393 2692 1635 2755 recenti
1662 2693 1987 2771 memoria,
2010 2702 2075 2757 et
2099 2715 2299 2777 prope
2328 2693 2565 2755 nostris
2592 2701 2839 2774 tempo-

631 2792 814 2854 ribus
857 2791 1270 2855 testatissima
1310 2791 1659 2855 mirabilia⁸
1702 2801 1813 2856 tua
1854 2794 1925 2855 in
1982 2794 2111 2857 fide
2169 2801 2344 2857 recta
2400 2802 2466 2857 et
2520 2792 2842 2856 catholica

634 2893 952 2957 Ecclesia.
1045 2894 1286 2955 Omnes
1314 2893 1719 2971 mirabamur,
1749 2902 1814 2957 et
1838 2915 1960 2957 nos
2003 2895 2157 2978 quia
2195 2902 2326 2959 tam
2362 2915 2599 2974 magna
2642 2901 2837 2970 erant,

633 3002 698 3059 et
724 2994 834 3058 ifle
865 2995 1020 3078 quia
1045 2993 1336 3058 inaudita
1363 2993 1555 3057 nobis
1585 3002 1779 3057 erant.

723 3098 822 3160 15.
870 3097 1032 3161 Inde
1062 3118 1268 3159 sermo
1289 3096 1344 3180 ej
1352 3118 1428 3159 us
1450 3096 1785 3159 devolutus
1802 3104 1899 3161 est
1918 3097 2000 3160 ad
2016 3097 2538 3163 monasteriorum
2558 3100 2840 3178 greges‘,

695 3372 724 3410 ¹1
759 3364 990 3425 Militare,
1012 3380 1116 3430 pro,
1139 3366 1300 3430 aliquo
1324 3367 1476 3416 officio
1509 3367 1706 3431 defungi
1771 3368 2025 3420 Christiani
2036 3380 2212 3421 veteres
2223 3370 2493 3420 habuerint.
2528 3372 2655 3419 Eum
2681 3369 2842 3434 appel-

633 3430 684 3477 in
716 3429 848 3477 curia
885 3429 1134 3495 Principis,
1166 3442 1398 3497 usurpant
1428 3432 1529 3481 Scri
1565 3441 1704 3492 tores,
1768 3432 1838 3481 lat
1858 3434 1988 3498 Aug.
2010 3444 2043 3466 “
2065 3445 2282 3485 sanctum
2316 3444 2365 3484 et
2384 3434 2646 3499 perfectum
2673 3438 2841 3491 virum,

633 3509 730 3568 quq
751 3509 888 3567 sensu
907 3494 1212 3567 muscerdas
1232 3495 1352 3543 dixit
1375 3497 1541 3562 Theop
1574 3512 1704 3547 anes.
1767 3498 1849 3561 qui
1882 3501 1981 3549 sine
2014 3500 2116 3549 ulla
2152 3499 2353 3549 scientia
2389 3500 2655 3547 litterarum
2696 3500 2842 3609 scrip-

635 3560 732 3615 Qm
770 3566 907 3622 igitur
949 3560 1152 3623 Principi
1195 3561 1244 3607 in
1280 3561 1492 3623 quolibet
1530 3562 1701 3619 officio,
1768 3571 1897 3611 iuras
1939 3564 2137 3613 Divinas
2186 3574 2234 3615 ot
2286 3564 2548 3612 memoriter
2604 3564 2777 3611 audien
2815 3579 2845 3609 o

637 3638 721 3734 32¹:
743 3622 1279 3737 iafilessbfflffii‘sssst
1301 3625 1378 3736 ¹:3¹
1384 3634 1432 3718 ³}
1428 3625 1448 3715 3
1449 3625 1702 3737 ”123135332
1766 3628 2365 3743 ἷὲἓζζῗῗέἑὶοξῖξῗῗῗῗὲ
2386 3628 2843 3741 532²⁰3t÷22²353s

633 3750 896 3805 dicebatur,
936 3751 1133 3815 ejusque
1185 3726 1295 3801 esse,
1327 3762 1358 3781 “
1378 3753 1563 3801 miles.''’
1621 3756 1703 3803 Du
1772 3710 2020 3820 Prolog.p§.
2045 3759 2094 3804 4.

635 3815 800 3879 Cange
822 3814 944 3877 (vid.
965 3816 1051 3863 inf.
1073 3817 1108 3864 l.
1129 3816 1195 3864 ix.
1216 3833 1257 3865 c.
1284 3818 1332 3865 8.
1365 3816 1495 3881 Aug.
1520 3817 1581 3865 de
1599 3819 1705 3867 civ.
1834 3824 1855 3852 ⁸
1888 3822 1934 3870 V
1938 3822 2001 3871 id.
2022 3822 2273 3870 Athanasii
2293 3822 2340 3871 V
2343 3822 2407 3869 ita
2429 3822 2479 3871 S.
2498 3822 2677 3871 Anton.
2702 3822 2747 3883 §.
2762 3822 2843 3869 54.

635 3880 748 3937 Dei,
773 3897 820 3927 v.
841 3880 920 3942 6.)
945 3880 1069 3929 unde
1101 3881 1268 3930 dicitur
1290 3888 1321 3909 “
1348 3883 1495 3930 Miles
1528 3881 1695 3930 utrius-
1765 3886 1846 3931 56.
1866 3901 1969 3950 sqq.
2022 3886 2277 3934 Tillemont
2311 3886 2343 3935 l.
2379 3902 2423 3935 c.
2460 3895 2546 3934 art.
2571 3888 2621 3935 7.
2648 3886 2846 3952 Repert.

631 3960 724 4007 que
735 3943 1038 4009 militiae'’qui
1056 3954 1282 3995 armatam
1297 3947 1538 4011 profitetur
1560 3946 1698 3995 simul
1769 3948 1887 3998 Brit.
1912 3950 1947 3999 1.
1969 3965 2014 3999 c.
2038 3968 2085 4015 p.
2108 3952 2205 4000 577
2226 3967 2331 4015 sqq.

633 4016 680 4057 et
696 4008 932 4057 literatam
949 4025 1032 4058 seu
1049 4010 1268 4074 legalem.
1297 4011 1698 4077 Carpent.Suppl.
1828 4014 1847 4047 ¹
1885 4012 2164 4077 Requirent‚
2202 4031 2346 4080 quam
2380 4032 2607 4081 magnum
2634 4014 2737 4063 illic
2770 4014 2847 4078 [in

714 4078 736 4106 ¹·
772 4073 929 4147 Nat-us
959 4082 1030 4147 est
1062 4074 1200 4124 A.D.
1235 4077 1349 4125 251.
1393 4075 1504 4125 Vid.
1546 4076 1606 4124 de
1643 4092 1699 4124 eo
1766 4078 2001 4142 AEgypto]
2036 4095 2220 4143 gregem
2255 4080 2463 4145 colligat,
2484 4088 2719 4146 quantam
2754 4095 2847 4126 nu·

632 4136 884 4185 Athanasii
926 4139 1043 4212 Vita
1084 4141 1133 4187 S.
1177 4139 1370 4187 Antonii
1418 4141 1549 4205 Opp.
1596 4149 1631 4189 t.
1672 4142 1703 4189 i.
1771 4142 2082 4192 merositatem
2105 4153 2367 4193 sanctorum
2391 4154 2532 4209 atque
2566 4152 2843 4192 sanctarum

631 4216 680 4263 p.
703 4202 799 4249 793
819 4218 924 4265 sqq.
955 4202 1210 4251 Tillemont
1231 4204 1356 4253 Hist.
1389 4205 1520 4253 Eccl-
1554 4212 1592 4253 t.
1626 4204 1704 4253 vii.
1768 4205 1944 4255 habeat
1964 4209 2363 4257 contemnentium
2385 4210 2571 4273 penitus
2590 4224 2671 4257 mu
2680 4209 2844 4257 ndum.

633 4281 681 4328 p.
725 4266 788 4313 46
834 4282 937 4329 sqq.
998 4267 1246 4334 Repertor.
1290 4268 1506 4318 Britanu.
1559 4277 1597 4317 t.
1637 4269 1705 4317 ix.
1771 4271 1902 4319 Grex
1939 4271 2020 4320 ille
2053 4282 2234 4322 tantum
2270 4275 2429 4331 crevit,
2464 4283 2518 4321 ut
2552 4274 2699 4321 etiam
2734 4273 2846 4321 inde

629 4345 678 4438 p.
713 4330 794 4376 41.
830 4331 936 4378 158.
969 4333 1084 4379 277.
1155 4334 1301 4407 P¹.¹.¹¹'³
1341 4333 1607 4408 testimonia
1644 4334 1674 4381 d
1770 4336 2113 4400 superstitiones
2132 4337 2377 4403 expulerit.
2424 4338 2717 4402 Aug.Serm.
2735 4339 2845 4386 138.

633 4408 722 4503 13:²5:
751 4395 1701 4527 2333&tss52²332505f²1²f¹25p32333
1764 4400 2848 4542 32,ss⁰..1ffssff'zsstt1ssssffffi12235'251‘31‘3:

633 4534 735 4584 sqq.
755 4520 884 4569 unde
905 4522 1063 4587 colligi
1083 4532 1235 4588 potest
1251 4526 1416 4591 quanti
1437 4527 1700 4577 Antonium
1764 4528 1927 4595 sophia
1966 4530 2092 4589 viris,
2130 4546 2289 4581 verum
2334 4531 2475 4581 etiam
2518 4532 2593 4581 liis
2630 4547 2715 4596 qui
2761 4546 2847 4595 per
