3042 5059
717 390 1438 457 CONFESSIONUM
1483 395 1771 458 LIBER
1814 396 1893 459 V.

2330 399 2407 457 81

205 548 378 632 plns,
423 548 600 632 quod
646 548 784 611 sine
831 549 1092 611 nomine
1140 548 1401 612 salutari
1449 549 1690 613 Christi
1742 557 1975 626 essent,
2021 550 2413 613 curationem

203 653 535 733 languoris
566 652 795 715 animae
825 674 985 715 meae
1017 654 1410 715 committere
1439 654 1701 715 omnino
1728 654 2123 716 recusabam.
2202 654 2413 717 Statui

205 774 358 833 ergo
403 752 651 816 tamdiu
694 774 834 815 esse
891 754 1392 817 catechumenus
1434 754 1504 816 in
1551 754 1871 818 catholica
1913 755 2213 818 Ecclesia
2256 754 2415 817 mihi

205 877 244 917 a
283 855 662 937 parentibus
707 854 1172 931 commendata,
1217 855 1424 919 donec
1469 854 1721 939 aliquid
1766 854 1922 920 certi
1968 856 2246 918 eluceret
2288 876 2419 938 quo

205 976 467 1019 cursum
497 955 852 1035 dirigerem.

277 1294 420 1343 Hanc
445 1294 550 1341 vitae
574 1301 752 1357 partem
776 1291 1044 1339 summatim
1078 1300 1286 1341 recenset

209 1360 339 1423 Aug.
381 1362 432 1406 in
466 1358 552 1406 lib.
587 1359 650 1405 de
687 1358 792 1405 util.
836 1356 1058 1404 credendi
1103 1360 1176 1422 (c.
1211 1359 1286 1419 8.)

208 1425 246 1471 si
289 1424 450 1472 forsan
490 1426 732 1471 Honorato
767 1422 890 1469 viam
931 1422 1129 1469 eandem
1170 1420 1288 1469 inire

207 1488 528 1553 persuadeat:
581 1486 800 1552 quaedam
837 1494 992 1533 autem
1027 1485 1171 1533 habet
1203 1485 1289 1533 illa

210 1553 435 1607 narratio.
488 1568 594 1617 quae
649 1551 759 1599 huic
813 1552 966 1599 lucem
1024 1549 1286 1597 effundant.

211 1624 244 1646 “
271 1619 434 1666 Edam
470 1617 556 1665 tibi
589 1624 640 1664 ut
664 1614 1146 1680 possum,cujusmodi
1165 1614 1286 1662 viam

208 1698 324 1731 usus
367 1682 554 1737 fuerim,
595 1696 702 1729 cum
738 1696 795 1729 eo
836 1680 994 1727 animo
1029 1694 1286 1742 quaererem

210 1762 369 1795 veram
395 1746 689 1809 religionem,
709 1759 802 1807 quo
820 1760 944 1792 nunc
968 1743 1164 1809 exposui
1187 1757 1290 1791 esse

210 1811 538 1875 quaerendam.
587 1810 654 1859 Ut
677 1810 800 1857 enim
826 1826 854 1857 a
871 1808 1000 1857 vobis
1014 1817 1145 1855 trans
1162 1822 1290 1855 mare

213 1875 441 1929 abscessi,
458 1876 560 1939 jam
583 1873 943 1922 cunctabundus
977 1881 1119 1936 atque
1155 1872 1290 1919 haesi·

212 1948 340 1995 tans,
373 1940 492 2005 quid
528 1939 642 1987 mibi
679 1938 952 1992 tenendum,
984 1937 1098 1999 quid
1133 1936 1290 1985 dimit·

211 2004 410 2053 tendum
451 2010 604 2053 esset:
651 2019 758 2067 quae
801 2002 916 2049 mibi
961 2003 1198 2051 cunctatio
1241 2002 1288 2049 in

210 2070 318 2117 dies
337 2068 490 2132 major
511 2067 822 2122 oboriebatur,
846 2082 904 2114 ex
927 2081 1022 2129 quo
1049 2066 1182 2117 illum
1209 2065 1290 2113 ho-

211 2134 414 2189 minem,
435 2132 572 2196 cujus
607 2132 740 2179 uobis
775 2131 1026 2185 adventuS,
1062 2139 1115 2178 ut
1150 2132 1289 2187 nosti,

214 2198 276 2245 ad
297 2196 587 2264 explicanda
609 2196 768 2245 omnia
784 2211 892 2259 quae
913 2209 997 2242 uos
1017 2196 1290 2253 movebant,

213 2264 352 2326 quasi
409 2262 470 2310 de
527 2262 644 2309 caelo
695 2260 1064 2325 promittebatur,
1110 2259 1288 2316 audivi,

213 2342 421 2391 eumque
454 2334 650 2391 excepta
679 2325 886 2388 quadarn
921 2324 1194 2389 eloquentia.
1218 2332 1289 2371 ta-

213 2392 310 2440 lem
336 2392 508 2456 quales
539 2401 718 2439 ceteros
748 2405 850 2437 esse
883 2390 1113 2450 cognovi3
1151 2388 1290 2437 ratio-

214 2472 326 2505 nem
351 2458 452 2522 ipse
475 2471 661 2504 mecum
680 2454 823 2502 habui
843 2469 1158 2517 magnamque
1173 2452 1291 2500 deli·

211 2523 509 2571 berationem
528 2520 628 2584 jam
652 2520 700 2567 in
721 2518 864 2566 Italia
881 2519 1177 2573 constitutus,
1196 2533 1290 2566 non

217 2595 373 2635 utrum
412 2600 650 2633 manerem
683 2584 730 2631 in
765 2583 850 2630 illa
883 2590 1031 2637 secta,
1068 2583 1113 2629 in
1147 2597 1289 2644 quam

215 2667 294 2700 me
349 2651 570 2699 incidisse
623 2648 904 2713 poenitebat‚
951 2647 1036 2695 sed
1083 2661 1292 2710 quonam

215 2716 359 2765 modo
383 2730 542 2763 verum
565 2711 901 2761 inveniendum
925 2720 1064 2768 esset,
1089 2712 1136 2758 in
1157 2710 1293 2773 cujus

217 2795 426 2829 amorem
450 2778 650 2843 suspiria
671 2792 780 2825 mea
799 2776 920 2823 nulli
949 2776 1119 2830 melius
1149 2790 1291 2837 quam

217 2846 303 2892 tibi
350 2854 466 2893 nota
506 2851 630 2891 sunt.
703 2842 840 2908 Soepe
886 2840 1001 2887 mihi
1045 2840 1294 2888 videbatur

219 2925 313 2957 non
373 2924 508 2972 posse
553 2904 769 2963 inveniri,
818 2905 1070 2969 magnique
1128 2904 1296 2952 fluctus

221 2974 564 3031 cogitationum
586 2986 796 3019 mearum
829 2970 880 3017 in
903 2967 1294 3018 Academicorum

221 3037 497 3103 suffragium
521 3036 804 3085 ferebantur.
873 3037 1010 3099 Saepe
1038 3048 1197 3081 rursus
1226 3033 1298 3081 in-

219 3112 358 3152 tuens
378 3109 614 3164 quantum
641 3109 868 3165 poteram,
891 3106 1098 3147 mentem
1134 3099 1298 3146 huma-

222 3184 334 3219 nam
375 3176 474 3216 tam
518 3168 748 3221 vivacem,
789 3171 886 3211 tam
926 3178 1165 3227 sagacem,
1201 3170 1298 3213 tam

1350 1291 1683 1359 perspicacem,
1708 1309 1799 1341 non
1826 1295 2050 1359 putabam
2080 1293 2226 1343 latere
2250 1297 2420 1345 verita-

1349 1366 1464 1415 tem,
1504 1357 1593 1405 nisi
1630 1358 1755 1422 quod
1789 1360 1835 1405 in
1870 1372 1928 1407 ea
1971 1359 2211 1421 quaerendi
2252 1360 2421 1407 modus

1353 1422 1539 1478 lateret,
1583 1424 1881 1486 eundemque
1924 1423 2077 1487 ipsum
2122 1424 2315 1472 modum
2358 1426 2419 1472 ab

1355 1486 1516 1549 aliqua
1561 1487 1719 1535 divina
1766 1487 2039 1536 auctoritate
2085 1504 2187 1536 esse
2230 1504 2420 1537 sumen·

1352 1550 1482 1598 dum.
1552 1552 1789 1599 Restabat
1821 1567 2045 1614 quaerere,
2080 1568 2295 1616 quaenam
2338 1554 2423 1602 illa

1353 1625 1475 1663 esset
1509 1618 1791 1676 auctoritas3
1827 1632 1933 1664 cum
1975 1618 2023 1664 in
2059 1618 2202 1666 tantis
2240 1618 2423 1667 dissen-

1353 1679 1564 1728 sionibus
1617 1696 1667 1729 se
1712 1682 1910 1744 quisque
1957 1681 2091 1729 illam
2138 1682 2419 1731 traditurum

1353 1744 1667 1809 polliceretur.
1735 1745 2029 1793 Occurrebat
2060 1746 2200 1809 igitur
2223 1747 2421 1810 inexpli-

1353 1809 1519 1857 cabilis
1547 1809 1685 1863 silva,
1719 1808 1795 1856 cui
1828 1810 2018 1857 demum
2051 1810 2191 1858 inseri
2220 1812 2421 1859 multum

1352 1872 1572 1938 pigebat3
1606 1882 1747 1936 atque
1764 1873 1884 1921 inter
1902 1873 2002 1921 haec
2016 1870 2115 1921 sine
2131 1876 2230 1923 ulla
2247 1876 2423 1938 requie,

1355 1937 1615 2001 cupiditate
1648 1937 1906 2001 reperiendi
1930 1938 2025 1985 veri
2057 1939 2242 1987 animus
2275 1940 2424 2001 agita·

1357 2002 1507 2051 batur.
1583 2002 1871 2050 Dissuebam
1928 2017 2003 2049 me
2058 2011 2217 2051 tamen
2273 2004 2424 2065 magis

1354 2066 1603 2130 magisque
1645 2066 1707 2113 ab
1750 2065 1867 2122 istis,
1914 2082 2029 2130 quos
2062 2066 2165 2130 jam
2212 2066 2425 2125 deserere

1357 2146 1705 2196 proposueram.
1791 2131 2025 2179 Restabat
2079 2140 2237 2180 autem
2294 2133 2427 2181 aliud

1355 2196 1472 2243 nibil
1493 2196 1542 2242 in
1566 2196 1709 2244 tantis
1729 2196 1961 2259 periculiS,
1980 2212 2123 2259 quam
2144 2205 2196 2244 ut
2214 2196 2426 2245 divinam

1354 2261 1696 2325 providentiam
1720 2260 1994 2323 lacrymosis
2014 2270 2063 2308 et
2084 2262 2431 2310 miserabilibus

1355 2325 1565 2380 vocibus,
1589 2334 1642 2373 ut
1661 2342 1796 2389 opem
1821 2325 1932 2372 mihi
1956 2324 2113 2383 ferret,
2137 2326 2427 2400 deprecarer.

1357 2390 1518 2453 Atque
1552 2390 1603 2437 id
1627 2390 1793 2438 sedulo
1822 2389 2086 2437 faciebam:
2122 2400 2169 2438 et
2194 2407 2296 2454 jam
2330 2391 2428 2438 fere

1359 2470 1434 2502 me
1456 2461 1807 2503 commoverant
1826 2454 2063 2502 nonnullae
2086 2454 2431 2516 disputationes

1357 2519 1731 2567 Mediolanensis
1759 2520 1981 2583 episcopi.
2004 2528 2057 2566 ut
2086 2534 2179 2566 non
2210 2520 2311 2567 sine
2344 2535 2428 2583 spe

1357 2581 1517 2647 aliqua
1542 2585 1601 2632 de
1634 2587 1738 2649 ipsa
1760 2592 1912 2632 vetere
1936 2585 2240 2632 Testamenta
2274 2584 2427 2631 multa

1355 2664 1563 2711 quaerere
1604 2664 1841 2713 cuperem,
1886 2663 2011 2711 quae,
2060 2656 2111 2696 ut
2155 2648 2261 2703 scis,
2301 2648 2433 2696 male

1357 2713 1492 2760 nobis
1521 2713 1851 2761 commendata
1882 2714 2261 2761 exsecrabamur.
2328 2714 2428 2759 De-

1357 2792 1686 2841 creveramque
1718 2777 1900 2825 tamdiu
1932 2792 2033 2825 esse
2064 2778 2431 2826 catechumenus

1359 2841 1407 2888 in
1449 2842 1680 2897 Ecclesia„
1721 2843 1797 2890 cui
1843 2842 2041 2889 traditus
2084 2857 2113 2889 a
2157 2842 2433 2906 parentibus

1359 2920 1504 2961 eram,
1531 2907 1681 2954 donec
1706 2914 1787 2954 aut
1812 2906 2065 2954 invenirem
2090 2906 2216 2969 quod
2238 2906 2427 2963 vellem,

1362 2978 1446 3018 aut
1466 2969 1583 3017 mibi
1604 2970 1928 3034 persuaderem
1967 2985 2059 3018 non
2093 2986 2193 3018 esse
2214 2984 2431 3034 quaeren-

1364 3034 1497 3083 dum.
1567 3034 2027 3099 opportunissimum
2082 3049 2193 3098 ergo
2248 3048 2323 3081 me
2375 3048 2431 3083 ac

1335 3098 1508 3161 ‘valde
1546 3097 1743 3147 docilem
1782 3106 1897 3147 tunc
1938 3098 2145 3147 invenire
2183 3106 2356 3165 posset,
2392 3097 2432 3145 si

1367 3161 1534 3215 fuisset
1554 3164 1636 3227 qui
1658 3172 1815 3229 posset
1839 3163 2023 3213 docere.
