3042 5059
1222 461 1551 526 INDEX.

303 619 534 685 religione
555 620 641 670 fuit
662 622 901 679 educatus,
922 621 972 676 9,
995 623 1074 670 31.
1110 622 1318 687 signatus

305 687 646 798 {tatewit
659 687 758 799 eibi.
800 689 1318 816 ssfoffiffsz‘zztfiff

310 815 440 862 tibus
469 814 519 862 in
549 815 1004 864 Catechumenorum
1039 816 1205 879 gradu,
1229 819 1309 875 81,

305 881 390 927 97.
425 878 664 927 Stomachi
677 895 837 946 pressu
853 887 1044 945 repente
1059 889 1314 946 correptus,

309 958 431 1008 pene
452 944 702 992 moriturus
736 944 1020 1010 baptismum
1043 945 1116 1010 pie
1136 945 1313 994 instan-

305 1015 473 1070 terque
495 1009 697 1070 flagitat,
726 1011 799 1065 10,
825 1011 904 1058 73.
939 1017 1155 1074 reparata
1181 1011 1312 1059 vale-

308 1071 471 1120 tudine
493 1073 752 1138 baptismus
772 1071 1001 1130 differtur,
1021 1073 1086 1122 ib.

375 1136 534 1185 Datur
553 1139 603 1184 in
625 1137 833 1185 scholam
857 1146 910 1186 ut
941 1137 1091 1185 discat
1115 1137 1312 1192 litteras,

309 1200 357 1249 8.
410 1216 526 1265 puer
561 1201 707 1266 coepit
746 1202 907 1250 Deum
945 1217 1124 1267 rogare,
1167 1217 1226 1250 ne
1261 1202 1310 1251 in

311 1263 490 1313 Schola
509 1267 770 1330 vapularet,
793 1265 856 1315 ib.
894 1267 1083 1331 qualem
1109 1267 1202 1315 Dei
1227 1282 1309 1314 no-

309 1326 486 1377 tionem
523 1338 636 1379 tunc
676 1329 910 1388 habuerit,
954 1332 1018 1378 ib.
1075 1330 1184 1378 satis
1227 1347 1312 1396 pro

311 1402 452 1442 oetate
487 1393 773 1456 ingeniosus,
798 1395 862 1444 ib.
910 1402 959 1443 at
991 1410 1147 1443 amore
1180 1395 1314 1444 lusus

305 1466 359 1505 et
379 1459 747 1522 spectatulorum
764 1467 986 1508 avocatur
1007 1475 1036 1508 a
1056 1459 1313 1508 litterarum

305 1523 484 1577 studio,
526 1523 573 1572 9.
644 1523 853 1572 victoriae
895 1525 944 1571 in
989 1524 1320 1573 certaminibus

309 1601 494 1641 amans,
529 1586 594 1636 ib.
638 1589 713 1645 11,
751 1590 826 1637 16.
871 1588 1098 1644 curiosus,
1129 1588 1191 1636 ib.
1248 1604 1318 1637 re·

311 1650 431 1713 sugit
457 1651 714 1700 litterarum
751 1653 1033 1708 rudimenta,
1059 1653 1136 1702 ubi
1164 1653 1319 1717 legere

309 1716 516 1764 scribere
537 1724 585 1764 et
621 1731 866 1766 numerare
896 1717 1105 1773 discitur,
1134 1719 1209 1773 10,
1243 1719 1315 1773 11,

319 1781 394 1829 12.
447 1780 639 1829 Latinas
661 1781 854 1836 litteras,
877 1798 996 1845 quas
1032 1783 1150 1830 inter
1180 1782 1316 1830 blan-

310 1843 524 1892 dimenta
557 1847 787 1894 nutricum
822 1845 1046 1894 didicerat
1072 1847 1211 1908 (12.)
1234 1848 1316 1895 ad·

312 1909 658 1962 amat,Graecas
669 1911 781 1968 odit,
801 1913 876 1959 11.
898 1911 1072 1976 quippe
1087 1911 1318 1970 difficiles,

318 1975 394 2022 12.
438 1973 638 2022 Poeseos
659 1975 1018 2033 amantissimus,
1032 1975 1098 2024 ib.
1126 1977 1199 2025 14.
1238 1977 1319 2026 Ob

314 2053 606 2102 progressum
622 2039 672 2085 in
693 2039 851 2087 litteris
870 2044 902 2067 ‘⁶
921 2040 1055 2087 Bone
1070 2044 1160 2102 spei
1174 2041 1319 2101 puer”

313 2103 598 2166 appellatur,
614 2105 688 2152 14.
731 2104 828 2169 Ipsi
850 2102 898 2151 in
924 2103 1108 2152 Scholis
1124 2120 1224 2154 sese
1236 2121 1318 2154 ex·

309 2169 486 2214 ercenti
503 2167 787 2216 acclamatur
796 2183 890 2232 proe
901 2168 1062 2216 multis
1072 2169 1321 2218 coetaneis

311 2239 361 2279 et
393 2232 752 2288 conlectoribus,
787 2236 861 2282 15.
913 2233 1212 2282 Litteraturoe
1247 2243 1318 2281 at·

306 2310 407 2358 que
427 2296 656 2345 Oratoriae
679 2297 988 2363 percipiendo.
1003 2313 1171 2346 caussa
1189 2313 1320 2364 pere·

311 2359 524 2419 grinatur
576 2360 623 2408 in
671 2361 823 2410 vicina
878 2362 996 2410 urbe
1052 2363 1319 2420 Madauris,

377 2488 707 2544 Adolescentia,
729 2499 805 2538 aet.
834 2507 910 2538 an.
936 2488 1026 2538 xvi.
1054 2492 1113 2539 18
1134 2506 1235 2556 sqq.

375 2551 474 2602 An.
531 2561 612 2600 aet.
658 2553 736 2602 xvi
798 2553 847 2601 iu
909 2563 1105 2627 paterna
1165 2557 1323 2611 domo,

313 2614 590 2666 intermissis
642 2632 703 2665 ex
757 2625 1029 2666 necessitate
1071 2619 1326 2668 domestica

313 2680 508 2736 studiis,
539 2681 766 2746 transigit,
797 2681 932 2744 genio
964 2697 1020 2730 ac
1051 2682 1327 2732 libidinibus

312 2743 583 2808 indulgens,
600 2746 681 2794 20.
721 2746 852 2795 Inter
870 2755 1119 2797 coetaneos
1137 2749 1326 2798 minoris

315 2807 562 2858 dedecoris
582 2809 745 2874 pudet,
767 2813 850 2869 21,
870 2813 950 2860 29.

381 2874 556 2922 Matris
576 2875 782 2923 monitus
802 2891 885 2940 pro
907 2875 1215 2924 muliebribus
1235 2875 1321 2924 ha·

311 2937 414 2993 bet,
436 2940 518 2986 21.
569 2939 845 3003 Numquam
876 2949 1036 2988 tamen
1056 2939 1106 2988 in
1128 2949 1320 2989 matrem

320 3002 692 3051 contumeliosus
726 3013 809 3052 aut
836 3004 978 3052 verbo
1013 3003 1174 3060 durus,
1209 3006 1317 3055 164.

319 3067 431 3124 Quo
452 3067 643 3116 consilio
664 3083 834 3132 parens
851 3077 1046 3134 uterque
1071 3085 1259 3119 uxorem
1277 3069 1322 3119 ei

308 3132 429 3179 dare
451 3130 658 3190 nolebat,
681 3135 759 3181 21.

381 3196 577 3243 Furtum
599 3205 877 3244 nocturnum
902 3197 1164 3253 committit,
1187 3199 1268 3248 22.

381 3259 479 3307 AEt.
502 3277 580 3308 an.
603 3261 889 3309 xvii—xxix.
914 3263 1125 3310 27—81.
1151 3263 1233 3309 30.

387 3323 656 3373 Studiorum
679 3341 846 3374 caussa
860 3325 1194 3390 Carthaginem
1219 3325 1322 3374 mit-

315 3388 434 3435 titur
480 3395 555 3437 et.
589 3404 668 3439 an.
705 3390 818 3438 xvii.
847 3391 931 3445 27,
963 3391 1044 3439 30.
1123 3391 1223 3438 Sub
1272 3389 1322 3437 id

316 3460 506 3516 tempus
527 3453 717 3502 orbatur
733 3463 886 3520 patre,
909 3453 972 3503 ib.

386 3517 688 3580 Prosequitur
710 3519 879 3572 studia,
901 3527 1048 3566 matre
1069 3525 1117 3566 et
1144 3517 1324 3566 Roma·

315 3581 462 3629 niano
501 3583 645 3642 (100.
681 3584 760 3639 n.)
797 3592 978 3632 sumtus
1017 3581 1320 3646 suppeditan-

317 3645 464 3700 tibus,
486 3647 566 3696 30.
617 3647 780 3696 Studia
800 3648 904 3712 ejus
926 3646 986 3696 ad
1008 3647 1108 3695 fora
1128 3645 1326 3710 litigiosa

315 3710 592 3768 tendebant,
613 3712 692 3760 29.

383 3775 444 3822 In
464 3775 626 3823 schola
659 3774 852 3824 rhetoris
883 3774 1032 3838 major
1052 3781 1140 3832 est,
1161 3773 1228 3823 ib.
1275 3774 1324 3822 A

317 3839 527 3887 moribus
549 3839 774 3904 protervis
795 3839 1222 3904 condiscipulorum
1244 3839 1324 3904 qui

320 3903 571 3951 Eversores
583 3903 877 3961 dicebantur,
892 3902 1129 3961 abhorret,
1144 3905 1203 3950 71
1215 3939 1226 3959 ,
1237 3904 1318 3951 29.

317 3968 496 4032 pudore
536 3975 695 4017 tamen
731 3967 1016 4032 impudenti,
1053 3967 1180 4029 quod
1215 3967 1324 4016 talis

319 4047 416 4081 non
439 4040 575 4088 esset,
596 4032 658 4082 ib.

383 4099 559 4143 Amore
577 4095 777 4162 capitur,
799 4096 880 4143 27.
919 4094 1159 4143 theatricis
1188 4109 1322 4160 spec-

320 4160 509 4216 taculis,
533 4160 597 4208 ib.

386 4226 443 4272 ln
478 4223 750 4272 celebritate
781 4222 1145 4271 sollemnitatum
1170 4237 1323 4269 sacra·

318 4305 421 4337 rum
435 4289 561 4336 intra
575 4287 786 4336 ecclesiae
804 4288 1006 4352 parietes
1021 4302 1161 4351 grave
1177 4287 1325 4350 quod·

316 4353 430 4401 dam
454 4351 638 4402 facinus
666 4352 892 4407 admittit,
913 4352 992 4402 29.
1044 4352 1124 4401 01)
1147 4350 1273 4416 quod
1295 4365 1324 4398 a

320 4418 434 4466 Deo
454 4417 652 4482 graviter
673 4417 958 4472 verberatur,
979 4416 1046 4466 ib.

385 4482 714 4531 Concubinarn
729 4481 868 4537 fovet,
881 4490 1128 4543 servatque
1149 4478 1192 4528 ei
1211 4479 1330 4527 thori

319 4545 486 4606 fidem,
507 4548 584 4596 ⁴6.
623 4545 770 4594 filium
795 4561 856 4594 ex
878 4545 982 4610 ipsa
1003 4545 1224 4610 suscepit.
1247 4544 1324 4594 46.

325 4611 624 4661 Adeodatum
651 4609 857 4668 nomine,
875 4612 981 4658 154.
1009 4609 1152 4675 (Vide
1173 4609 1328 4658 Adeo·

2326 476 2447 529 309

1445 620 1631 684 datus.)
1699 620 1987 671 Adolescens
2030 623 2218 688 potebat
2264 640 2293 672 a
2339 627 2445 675 Deo

1443 687 1719 745 castitatem,
1754 687 1837 735 sed
1868 688 1961 736 cito
1990 689 2202 737 exaudiri
2240 690 2447 746 noleb'at,

1453 752 1559 799 137.

1505 813 1601 862 An.
1631 814 1731 862 AEt.
1768 813 1864 864 xix.
1925 815 2166 866 Ciceronis
2200 819 2449 868 Hortensio

1439 879 1504 926 ad
1539 877 1779 941 sapientiae
1820 881 2024 928 studium
2059 881 2337 937 incenditur,
2361 886 2440 934 30.

1441 957 1549 990 cum
1585 952 1743 990 tamen
1776 942 1842 990 ibi
1876 944 2052 993 Christi
2085 961 2255 995 nomen
2291 949 2445 1011 requi-

1442 1014 1581 1061 reret,
1606 1009 1719 1070 (81,
1742 1008 1853 1062 31.)
1884 1008 1933 1055 in
1964 1009 2165 1058 Sanctas
2186 1012 2448 1078 Scripturas

1441 1071 1650 1118 animum
1674 1071 1890 1131 intendit,
1914 1075 1991 1122 31.
2056 1073 2154 1122 Has
2181 1076 2373 1140 negligit
2396 1087 2447 1124 ut

1439 1135 1657 1247 indigna-tls³
1674 1152 1791 1201 quas
1813 1137 2047 1186 Tullianoe
2078 1138 2292 1203 dignitati
2321 1155 2448 1190 com·

1471 1209 1585 1256 aret,
1608 1215 1625 1247 ι
1660 1236 1672 1249 .

1437 1217 1468 1265 p
1504 1263 1779 1326 Categorias
1800 1263 2081 1321 Aristotelis,
2096 1274 2144 1314 et
2165 1260 2450 1318 'Liberalium

1435 1328 1608 1377 artium
1642 1328 1783 1377 libros
1820 1344 1970 1378 annos
2005 1338 2145 1378 natus
2178 1331 2339 1391 ferme,
2363 1349 2444 1383 xx.

1441 1409 1526 1458 per
1546 1408 1646 1442 sese
1668 1392 1916 1451 intellexit,
1939 1395 2020 1451 60,
2044 1396 2127 1452 61,
2152 1397 2232 1444 62.

1510 1457 1572 1504 In
1612 1457 1988 1507 Manichaeorum
2026 1457 2225 1507 haeresin
2267 1460 2448 1518 incidit,

1444 1521 1526 1570 31.
1577 1521 1626 1568 in
1660 1537 1719 1570 ea
1752 1538 1834 1587 per
1862 1523 2146 1572 novennium
2176 1539 2242 1573 sc.
2270 1525 2332 1573 ab
2366 1541 2445 1576 an.

1445 1593 1522 1634 tet.
1570 1585 1651 1634 xix
1689 1588 1751 1634 ad
1793 1587 1937 1635 xxviii
1982 1588 2195 1652 persistit,
2240 1591 2323 1642 45.
2367 1592 2448 1646 43,

1445 1650 1530 1706 60,
1565 1651 1648 1708 31,
1683 1666 1730 1699 n.
1782 1651 1969 1700 Inducit
2000 1652 2117 1700 alios
2148 1653 2198 1700 in
2229 1654 2449 1703 eumdem

1445 1729 1666 1768 errorem,
1690 1716 1772 1770 45,
1797 1717 1877 1775 49,
1900 1718 1983 1772 92,
2011 1719 2120 1772 100,
2146 1732 2191 1767 n.

1510 1779 1569 1844 Ej
1579 1795 1631 1826 us
1650 1779 1832 1828 interim
1852 1796 2029 1830 errores
2044 1782 2104 1830 de
2128 1781 2251 1839 Deo,
2266 1783 2346 1834 35.
2367 1783 2449 1839 59,

1443 1842 1527 1890 62.
1566 1842 1627 1892 de
1652 1844 1858 1900 Christo,
1883 1847 1964 1902 72,
1986 1855 2033 1893 et
2054 1861 2101 1896 n.
2139 1845 2199 1894 de
2234 1846 2451 1895 rationali

1447 1914 1492 1953 et
1512 1906 1765 1959 irrationali
1786 1919 1970 1969 natura,
1984 1912 2062 1959 58.
2101 1910 2159 1958 de
2174 1918 2307 1958 terrae
2324 1911 2451 1959 fruc·

1447 1970 1591 2026 tibus,
1611 1973 1691 2028 39,
1718 1975 1796 2024 40.
1835 1976 1894 2022 de
1923 1974 2069 2023 veteri
2103 1976 2253 2038 Lege,
2275 1977 2354 2024 35.
2392 1977 2451 2024 de

1447 2036 1623 2084 sanctis
1667 2037 1899 2095 Patribus,
1937 2038 2003 2088 ib.
2046 2040 2127 2087 39.
2177 2039 2237 2088 de
2281 2048 2451 2087 natura

1447 2100 1577 2156 mali,
1599 2104 1681 2156 35.
1705 2105 1783 2152 58.
1819 2103 1879 2152 de
1912 2104 2095 2167 peccati
2128 2118 2313 2160 caussa,
2343 2105 2453 2161 106,

1446 2166 1530 2222 74,
1554 2181 1598 2213 n.
1635 2165 1684 2214 in
1704 2166 1839 2230 cujus
1871 2167 2165 2232 inquisitione
2194 2177 2451 2232 torquetur,

1445 2231 1530 2279 35.
1561 2231 1668 2284 107.
1693 2233 1798 2282 111.

1514 2295 1795 2344 Convictum
1830 2295 1910 2344 filii
1930 2296 2003 2344 sui
2024 2295 2195 2360 refugit
2228 2295 2455 2346 Mounica

1449 2357 1689 2407 detestans
1712 2359 2026 2435 blasphemias
2047 2361 2164 2424 ejus,
2190 2363 2267 2409 42.
2313 2371 2360 2409 at
2393 2363 2453 2411 de

1447 2421 1603 2472 sutura
1622 2425 1725 2488 ejus
1744 2424 2057 2489 resipiscentia
2087 2440 2170 2489 per
2202 2426 2452 2485 somnium,

1449 2488 1593 2552 (42.)
1644 2504 1817 2554 perque
1850 2488 2057 2553 episcopi
2098 2487 2342 2551 cujusdam
2383 2505 2454 2539 re-

1448 2567 1688 2615 sponsum,
1712 2551 1851 2614 (44.)
1882 2552 2141 2612 admonita,
2175 2569 2338 2602 mensa
2367 2554 2453 2603 do-

1449 2631 1623 2678 moque
1644 2633 1799 2666 rursus
1817 2616 2004 2681 excipit,
2028 2618 2106 2666 42.
2146 2618 2305 2665 matris
2328 2633 2451 2666 som-

1451 2679 1583 2727 nium
1608 2680 1699 2729 alio
1719 2682 2016 2744 detorquens,
2030 2681 2123 2728 cita
2145 2680 2247 2743 ejus
2262 2697 2453 2746 respon-

1449 2744 1581 2856 siotne
1604 2745 1751 2857 mggss
1772 2760 1915 2810 quam
1932 2745 2032 2811 ipso
2048 2745 2227 2793 somnio
2245 2761 2454 2796 commo·

1451 2823 1508 2856 ve
1534 2825 1605 2862 ur,
1630 2825 1643 2855 ι
1681 2843 1696 2858 .

1519 2872 1823 2922 Rhetoricam
1876 2871 2033 2931 docet,
2088 2874 2167 2924 46.
2250 2875 2455 2939 primum

1447 2936 1716 3002 Thagastae,
1733 2938 1814 2996 46,
1824 2938 1909 2994 52,
1926 2939 2002 2986 49.
2028 2946 2128 2986 tum
2148 2938 2453 3003 Carthagine.

1447 3002 1530 3050 52.
1554 3017 1648 3066 quo
1664 3001 1952 3067 impatientia
1966 3001 2139 3051 doloris
2149 3018 2207 3051 ex
2220 3003 2357 3051 amici
2372 3020 2456 3053 cu-

1443 3065 1633 3129 jusdam
1648 3067 1718 3115 sui
1741 3076 1903 3118 morte.
1920 3065 2059 3131 (50.)
2074 3066 2370 3130 migraverat,
2386 3069 2451 3120 ib.

1514 3131 1791 3196 Aruspicem
1820 3130 1906 3179 sibi
1936 3129 2141 3196 palmam
2164 3132 2211 3179 in
2233 3132 2456 3183 litterario

1447 3195 1703 3244 certamine
1725 3193 2067 3260 promittentem
2085 3195 2353 3256 detestatur,
2370 3199 2451 3250 46.

1450 3257 1518 3306 At
1554 3260 1795 3309 consulere
1810 3259 1929 3308 solet
1963 3259 2348 3316 Mathematicus,
2371 3264 2451 3314 47.

1449 3323 1675 3435 ῗῖῃιςιιίῥᾳε
1698 3339 1895 3372 avocare
1918 3323 2071 3436 ipspgn
2104 3324 2457 3438 ἰὶαῗὲτῖιξὲξωι·

1498 3403 1547 3435 m
1580 3402 1760 3436 tetanus
1788 3402 1952 3444 senex,
2046 3423 2059 3438 .
2101 3404 2128 3437 e
2230 3405 2259 3438 e
2294 3406 2329 3437 rr
2362 3407 2452 3447 rus,

1450 3451 1513 3500 ib.
1551 3451 1645 3500 Sed
1661 3451 1785 3500 istud
1801 3452 2102 3502 divinationis
2116 3467 2264 3516 genus
2279 3469 2457 3504 vanum

1447 3530 1549 3564 esse
1569 3516 1758 3565 demum
1779 3515 1997 3580 intelligit
2010 3517 2172 3565 audita
2194 3519 2456 3570 narratione

1452 3580 1664 3639 Firmini,
1687 3581 1799 3630 109.
1829 3587 1878 3628 et
1899 3597 2085 3646 prorsus
2103 3581 2264 3645 rejicit,
2293 3584 2400 3634 108.

1517 3645 1685 3694 Libros
1712 3649 1767 3694 ds
1800 3646 1999 3694 Pulchro
2018 3657 2061 3696 st
2084 3647 2198 3708 Apro
2229 3648 2348 3696 duos
2376 3655 2459 3697 aut

1452 3719 1545 3757 tres
1564 3710 1743 3766 scribit,
1767 3711 1845 3759 57.
1884 3710 1966 3760 cir.
1986 3726 2097 3761 ann.
2120 3720 2195 3761 aet.
2220 3713 2349 3769 xxvi,
2372 3722 2457 3761 aut

1452 3773 1594 3830 xxvii,
1616 3775 1696 3823 60.
1744 3789 1862 3836 quos
1886 3775 2051 3826 Hierio
2078 3777 2306 3825 Romamn
2330 3777 2458 3826 urbis

1451 3839 1624 3886 oratori
1645 3854 1802 3886 nuncu
1841 3847 1903 3893 at,
1927 3840 2006 3888 57.

1514 3903 1739 3950 Moretur
1817 3901 1977 3966 elpidii
2010 3902 2321 3967 disputatione
2343 3919 2455 3953 con·

1451 3974 1522 4013 tra
1548 3967 1602 4012 Μ
1606 3965 1840 4014 anichreos
1858 3966 1983 4030 apud
1998 3966 2351 4028 Carthaginem,
2372 3969 2452 4017 77.

1453 4045 1633 4078 necnon
1658 4029 1876 4078 Nebridii
1896 4038 2061 4077 contra
2092 4031 2281 4079 eosdem
2316 4047 2456 4094 argu·

1451 4103 1628 4148 mento,
1654 4095 1759 4143 105.

1517 4159 1614 4209 Cir.
1658 4173 1735 4208 an.
1778 4163 1855 4206 aet.
1899 4156 2031 4205 xxix.
2092 4171 2121 4203 a
2177 4157 2459 4208 Manichoeis

1453 4221 1645 4270 alienari
1666 4221 1846 4286 incipit,
1866 4230 2107 4286 comperta
2126 4222 2285 4270 Fausti
2308 4223 2458 4288 impe·

1453 4286 1573 4343 ritia,
1610 4287 1895 4346 69‚70,75.
1944 4302 2037 4333 uon
2076 4296 2231 4333 tamen
2269 4289 2459 4336 omnino

1453 4352 1643 4406 recedit,
1689 4354 1768 4401 75.
1844 4351 2072 4399 Nondum
2117 4351 2243 4398 enim
2283 4351 2458 4399 intelli·

1451 4431 1569 4480 gens
1590 4432 1698 4480 quae
1720 4416 1780 4464 sit
1802 4415 1918 4463 fides
1941 4415 2208 4470 Catholica‚
2230 4417 2307 4464 76.
2352 4415 2459 4464 des-

1457 4489 1590 4542 perat
1611 4481 1659 4529 in
1685 4480 1901 4530 Ecclesia
1922 4495 2058 4545 posse
2074 4478 2271 4528 inveniri
2282 4495 2465 4533 verum·

1458 4545 1540 4602 79,
1562 4547 1639 4595 76.
1677 4546 1805 4594 etad
1825 4543 2167 4610 philosophiam
2193 4544 2461 4610 Scepticam

1457 4627 1713 4676 propensus
1734 4618 1821 4670 est,
1846 4610 1925 4675 75,
1944 4611 2025 4668 80,
2050 4611 2130 4668 81,
2153 4625 2201 4658 n.
