3042 5059
367 1887 450 1946 19,
466 1854 522 1933 ἶῖ

604 359 726 420 158
1153 353 1218 417 S.
1264 352 1783 420 AUGUSTINI
1828 349 2247 417 EPISCOPI

600 510 972 574 aviditatem
1013 507 1347 574 tenerioris
1391 508 1633 585 aetatis3
1694 516 1761 572 et
1804 507 2017 590 ipsam
2066 506 2423 589 puellarum
2466 504 2647 567 sitim
2690 502 2843 564 for-

597 611 820 673 mabat
863 607 948 672 ad
996 609 1336 672 honestum
1385 608 1671 686 modum,
1713 615 1786 670 ut
1816 607 1957 691 jam
2006 627 2126 671 nec
2176 607 2405 670 liberet
2454 604 2637 689 quod
2686 622 2843 664 non

601 711 874 774 deceret.

693 815 793 873 18.
840 811 930 872 Et
961 817 1350 892 surrepserat
1377 817 1614 889 tamen,
1644 809 1812 873 sicut
1836 809 1997 871 mihi
2024 807 2164 871 filio
2192 809 2434 872 famula
2456 816 2574 870 tua
2600 827 2841 869 narra-

599 915 732 991 bat,
763 918 1151 993 surrepserat
1192 911 1254 973 ei
1295 911 1666 974 vinolentia.
1755 911 1928 973 Nam
1970 931 2119 973 cum
2161 909 2243 972 de
2280 931 2477 986 more,
2506 918 2842 990 tanquam

598 1014 820 1096 puella
847 1012 1082 1086 sobria,
1102 1010 1434 1095 juberetur
1477 1032 1516 1073 a
1557 1010 1933 1093 parentibus
1964 1010 2043 1072 de
2074 1030 2293 1092 cuppa
2318 1009 2542 1072 vinum
2586 1007 2837 1091 depro-

599 1135 791 1192 mere,
849 1113 1171 1175 submisso
1227 1114 1465 1195 poculo
1526 1134 1656 1196 qua
1713 1110 1988 1194 desuper
2051 1119 2251 1194 patet,
2307 1111 2697 1194 priusquam
2751 1110 2837 1170 in

599 1217 1009 1298 lagunculam
1051 1214 1346 1278 funderet
1386 1234 1651 1291 merum,
1678 1214 2064 1297 primoribus
2106 1213 2305 1276 labris
2347 1215 2656 1277 sorbebat
2684 1212 2836 1274 exi-

603 1338 823 1398 guum,
853 1316 1006 1400 quia
1030 1338 1163 1379 non
1196 1323 1444 1401 poterat
1472 1316 1769 1398 ampliuS,
1800 1337 1992 1378 sensu
2018 1322 2372 1379 recusante.
2460 1316 2620 1377 Non
2650 1313 2836 1375 enim

601 1420 736 1480 ulla
762 1415 1149 1481 temulenta*
1181 1417 1485 1500 cupidine
1519 1416 1800 1480 faciebat
1838 1417 1987 1493 hoc,
2016 1417 2131 1479 sed
2175 1415 2564 1499 quibusdam
2600 1436 2834 1497 super-

601 1519 950 1583 fluentibus
981 1519 1186 1582 aetatis
1215 1519 1614 1595 excessibuS,
1646 1518 1759 1601 qui
1784 1518 2049 1581 ludicris
2076 1519 2359 1581 motibus
2386 1517 2731 1592 ebulliunt,
2762 1523 2838 1578 et

599 1621 670 1682 in
697 1620 1054 1705 puerilibus
1093 1620 1322 1683 animis
1363 1618 1675 1703 majorum
1708 1619 1989 1700 pondere
2026 1618 2231 1701 premi
2270 1619 2494 1680 solent.
2588 1618 2837 1699 Itaque

603 1721 687 1786 ad
729 1721 890 1785 illud
927 1721 1254 1784 modicum
1295 1721 1672 1804 quotidiana
1707 1719 1965 1783 modica
2006 1719 2323 1797 addendO,
2354 1719 2667 1802 quoniam
2713 1720 2835 1800 qui

486 1820 497 1830 “
600 1822 853 1884 modica
879 1823 1149 1901 spernit,
1165 1823 1501 1901 paulatim
1531 1821 1796 1897 decidit,
1811 1821 1881 1882 in
1912 1842 2054 1883 eam
2080 1820 2611 1885 consuetudinem
2639 1820 2841 1900 lapsa.

603 1930 757 1999 erat,
785 1933 860 1985 ut
900 1943 1101 2005 prope
1136 1921 1272 2006 jam
1313 1922 1543 2004 plenos
1585 1942 1761 1984 mero
1806 1921 2113 1985 caliculos
2154 1921 2476 1984 inhianter
2518 1919 2836 1982 hauriret.

605 2024 741 2087 Ubi
770 2033 922 2086 tunc
957 2045 1160 2104 sagax
1191 2044 1373 2100 anuS,
1403 2030 1468 2085 et
1493 2023 1837 2085 vehemens
1864 2022 1978 2084 illa
2004 2021 2353 2104 prohibitio
2379 2021 2401 2086 ?
2479 2018 2840 2104 Numquid

601 2126 859 2187 valebat
887 2121 1134 2205 aliquid
1163 2121 1466 2186 adversus
1492 2123 1793 2185 latentem
1822 2123 2134 2199 morbum,
2162 2123 2290 2184 nisi
2328 2130 2440 2186 tua
2477 2122 2837 2198 medicina,

604 2227 909 2303 Domine,
938 2225 1234 2305 vigilaret
1261 2247 1453 2309 super
1492 2247 1615 2289 nos
1640 2225 1662 2289 ?
1736 2227 2021 2290 Absente
2062 2235 2241 2310 patre
2280 2233 2346 2288 et
2378 2234 2583 2288 matre
2614 2233 2683 2288 et
2709 2247 2837 2286 nu-

603 2329 950 2404 tritoribuS,
995 2336 1065 2390 tu
1107 2349 1410 2410 praesenS,
1457 2329 1570 2411 qui
1616 2330 1867 2406 creasti,
1912 2329 2027 2410 qui
2067 2349 2283 2405 vocas,
2314 2327 2427 2410 qui
2470 2327 2671 2390 etiam
2713 2347 2837 2408 per

604 2430 985 2520 praepositos
1015 2427 1044 2457 ⁴⁸
1069 2428 1364 2490 homines
1392 2429 1553 2491 boni
1582 2429 1829 2513 aliquid
1856 2429 1995 2510 agis
2026 2429 2109 2491 ad
2138 2429 2493 2491 animarum
2530 2429 2835 2502 salutem,

606 2530 766 2614 quid
793 2537 946 2592 tunc
979 2529 1190 2610 egisti,
1220 2530 1402 2592 Deus
1444 2527 1672 2592 meus?
1753 2528 1945 2609 Unde
1991 2526 2269 2592 curasti?
2317 2528 2491 2590 unde
2536 2525 2831 2590 sanasti?

607 2633 841 2694 Nonne
870 2631 1193 2715 protulisti
1215 2629 1446 2692 durum
1473 2637 1540 2692 et
1567 2638 1825 2694 acutum
1854 2652 1939 2693 ex
1966 2631 2163 2720 altera
2191 2630 2405 2693 anima
2436 2629 2835 2705 convicium,

606 2738 912 2816 tanquam
953 2731 1334 2794 medicinale
1375 2730 1610 2794 ferrum
1650 2754 1735 2795 ex
1779 2731 2053 2796 occultis
2081 2716 2554 2815 provisionibus
2583 2729 2739 2807 tuiS,
2769 2737 2840 2792 et

607 2853 736 2893 uno
765 2833 902 2895 ictu
929 2831 1331 2915 putredinem
1359 2831 1540 2895 illam
1568 2832 1918 2914 praecidisti
1944 2831 1965 2896 ?
2025 2833 2283 2896 Ancilla
2310 2832 2483 2894 enim
2513 2853 2669 2894 cum
2704 2853 2836 2914 qua.
2930 2843 2943 2856 ⁶

609 2934 857 2997 solebat
873 2934 1174 2998 accedere
1193 2934 1277 2997 ad
1294 2956 1595 3017 cuppam,
1614 2935 1878 3016 litigans
1898 2958 2045 2999 cum
2066 2935 2326 2999 domina
2345 2936 2614 3012 minore,
2636 2941 2713 2996 ut
2734 2934 2832 3010 fit,

609 3037 748 3098 sola
759 3037 1079 3126 cumtsola,
1091 3036 1194 3120 obj
1202 3037 1329 3100 ecit
1342 3036 1468 3098 hoc
1483 3036 1743 3114 crimen,
1756 3036 2153 3100 amarissima
2161 3037 2577 3099 insultatione
2585 3058 2837 3100 vocans

606 3137 1068 3208 meribibulam.
1149 3138 1304 3218 ‘Quo
1343 3137 1458 3199 illa
1499 3137 1758 3199 stimulo
1799 3159 2105 3222 percussa
2145 3137 2433 3220 respexit
2475 3136 2837 3200 foeditatem

609 3258 810 3313 suam,
841 3235 1304 3319 confestimque
1342 3237 1671 3301 damnavit
1712 3246 1903 3322 atque
1942 3239 2144 3302 exuit.
2235 3239 2421 3301 Sicut
2450 3238 2647 3300 amici
2677 3237 2833 3301 a'du-

605 3335 812 3398 lantes
849 3344 1236 3418 pervertlmt,
1279 3338 1372 3400 sic
1409 3339 1657 3402 inimici
1693 3339 2022 3420 litigantes
2060 3339 2437 3421 plerumque
2482 3339 2835 3418 corrigunt.

608 3436 750 3498 Nec
783 3442 854 3498 tu
884 3435 1062 3519 quod
1097 3458 1215 3519 per
1256 3458 1366 3500 eos
1411 3439 1572 3520 agiS,
1614 3439 1730 3502 sed
1772 3438 1948 3522 quod
1968 3439 2115 3522 ,ipsi
2144 3441 2501 3518 voluerunt,
2530 3439 2837 3500 retribuis

607 3537 720 3598 eiS.
811 3538 935 3599 Illa
972 3537 1143 3614 enim
1186 3539 1348 3602 irata
1391 3541 1718 3621 exagitare
1762 3541 2078 3624 appetivit
2127 3540 2438 3602 minorem
2480 3539 2838 3616 dominam,
2948 3579 2955 3589 -

606 3659 738 3699 non
769 3659 1029 3724 sanareg
1062 3647 1142 3701 'et
1167 3639 1315 3702 ideo
1347 3642 1665 3718 clancu10,
1696 3649 1806 3704 aut
1836 3642 1991 3724 quia
2017 3643 2111 3705 ita
2139 3663 2249 3704 eas
2286 3642 2619 3703 invenerat
2646 3643 2841 3704 locus

607 3748 673 3802 et
716 3750 969 3823 tempus
1012 3741 1165 3818 litis,
1207 3748 1318 3804 aut
1359 3763 1441 3804 ne
1485 3743 1645 3804 forte
1693 3751 1757 3804 et
1798 3743 1943 3824 ipsa
1984 3742 2453 3825 periclitaretur
2492 3741 2674 3824 quod
2705 3749 2841 3803 tam

608 3863 747 3904 sero
777 3841 1184 3924 prodidisset.
1272 3844 1360 3905 At
1388 3851 1480 3920 tu,
1505 3843 1810 3920 Domine,
1840 3852 2047 3906 rector
2074 3843 2361 3907 coelitum
2375 3840 2428 3920 ⁸,
2459 3851 2523 3906 et
2550 3851 2837 3906 terreno-

603 3965 766 4020 rum,
827 3942 910 4005 ad
968 3965 1123 4006 usus
1170 3951 1314 4006 tuos
1366 3951 1796 4026 contorquens
1847 3943 2165 4027 profimda
2210 3944 2527 4020 torrentiS,
2576 3945 2838 4006 fluxum

607 4046 983 4107 saeculorum
1037 4044 1326 4108 ordinate
1339 4042 1369 4071 ⁴⁵
1414 4046 1871 4122 turbulentum,
1909 4046 2102 4108 etiam
2155 4045 2235 4108 de
2286 4046 2547 4109 alterius
2594 4037 2833 4108 animae

605 4143 892 4208 insania*t
947 4146 1186 4210 sanasti
1232 4147 1535 4222 alteram,
1598 4167 1681 4208 ne
1722 4147 2065 4230 quisquam
2110 4169 2254 4210 cum
2297 4147 2425 4210 hoc
2470 4146 2840 4225 adverterit,

669 4292 700 4329 k
735 4293 893 4341 Multa
931 4294 1056 4354 enim
1093 4296 1214 4344 fiunt
1257 4311 1286 4342 a
1324 4295 1462 4343 malis
1495 4295 1682 4359 quidem
1749 4296 1998 4362 praescivit,
2034 4298 2233 4346 tendant
2264 4297 2421 4346 omnia
2492 4311 2567 4344 uae
2600 4296 2836 4344 voluntati

605 4364 767 4404 contra
807 4358 1093 4407 voluntatem
1141 4360 1261 4416 Dei3
1311 4360 1394 4409 sed
1436 4370 1577 4408 tantae
1614 4370 1685 4408 est
1747 4361 1853 4426 ejus
1896 4361 2111 4411 videntur
2154 4361 2361 4411 adversa.
2504 4376 2583 4424 ug.
2621 4360 2683 4408 de
2735 4360 2839 4409 Civ.

605 4420 688 4468 ille
709 4420 954 4485 sapientiae
978 4431 1212 4487 tantaeque
1234 4424 1432 4477 virtutis.
1461 4432 1512 4472 ut
1533 4425 1581 4472 in
1603 4439 1685 4471 eos
1752 4425 1861 4484 Dei,
1884 4426 1921 4475 l.
1946 4426 2059 4475 xxii.
2080 4442 2121 4474 c.
2147 4428 2195 4474 2.

604 4486 760 4532 exitus
781 4485 876 4533 sive
898 4485 1014 4534 fines
1035 4502 1152 4550 quos
1173 4489 1319 4536 bonos
1340 4497 1388 4536 et
1402 4487 1553 4553 justos
1585 4487 1683 4552 ipse
