3042 5059
673 420 1388 486 CONFESSIONUM
1435 425 1722 487 LIBER
1764 423 1921 487 XII.
2268 427 2387 486 231

181 579 548 654 exspectet,
575 596 693 638 nec
725 576 793 638 in
822 578 1210 659 praeteritum
1239 577 1597 662 trajiciens'¹
1620 578 1797 662 quod
1823 579 2198 654 meminerit,
2218 580 2397 642 nulla

186 677 336 739 vice
381 677 677 756 variatur,
717 701 838 742 nec
889 680 958 742 in
1008 685 1296 764 tempora
1331 681 1468 744 ulla'
1503 679 1901 743 distenditur.
1993 681 2050 742 O
2086 680 2297 758 beata,
2340 679 2395 740 si

183 798 324 860 qua
367 778 494 842 ista
542 789 660 857 est,
708 780 1082 844 inhaerendo
1125 781 1507 845 beatitudini
1556 788 1713 857 tuae3
1774 783 1965 844 beata
2010 781 2394 862 sempiterno

181 881 615 946 inhabitatore
673 892 758 960 te,
816 893 1006 966 atque
1062 886 1446 949 illustratore
1507 882 1653 948 suo!
1733 885 1873 947 Nec
1933 883 2186 946 invenio
2238 882 2394 964 quid

179 985 494 1048 libentius
523 988 978 1070 appellandum
1017 990 1382 1053 existimem
1417 991 1661 1053 Coelum
1700 989 1843 1050 coeli
1872 988 2173 1061 Domin0,
2201 1005 2393 1067 quam

183 1083 454 1147 domum
496 1095 695 1164 tuam,
739 1092 1278 1173 contemplantem
1317 1089 1806 1154 delectationem
1851 1097 2023 1151 tuam
2074 1087 2210 1149 sine
2262 1087 2393 1148 ullo

183 1184 446 1250 defectu
489 1188 858 1268 egrediendi
903 1191 970 1252 in
1013 1191 1219 1267 aliud3
1283 1200 1559 1254 mentem
1602 1210 1850 1273 puram,
1900 1186 2394 1252 concordissime

184 1307 386 1350 unam
415 1290 848 1354 stabilimento
875 1293 1059 1374 pacis
1079 1300 1437 1355 sanctorum
1461 1291 1798 1374 spirituum
1812 1286 1844 1368 ¹,
1864 1288 2097 1352 civium
2121 1287 2397 1350 civitatis

183 1395 319 1449 tuae
348 1386 420 1451 in
447 1390 818 1454 coelestibus
848 1411 1038 1475 super
1065 1392 1190 1454 ista
1219 1391 1527 1454 coelestia.

283 1495 382 1552 13.
435 1491 624 1555 Unde
673 1493 993 1574 intelligat
1041 1493 1255 1556 anima
1303 1492 1488 1576 cujus
1536 1493 1961 1575 peregrinatio
1976 1490 2004 1518 ³
2044 1493 2399 1576 longinqua

184 1592 362 1656 facta
389 1601 509 1672 est,
541 1594 596 1656 si
628 1593 768 1679 jam
797 1598 942 1658 sitit
974 1596 1093 1658 tibi
1111 1622 1133 1665 ,·
1185 1597 1240 1658 si
1275 1593 1414 1679 jam
1421 1598 1632 1678 factae
1661 1604 1817 1659 sunt
1844 1599 1907 1658 ei
1936 1599 2239 1678 lacrymae
2264 1615 2398 1659 sace
2412 1600 2610 1712 &sii

171 1696 403 1772 panis,
433 1695 588 1756 dum
619 1696 866 1758 dicitur
903 1699 967 1759 ei
999 1718 1120 1777 per
1156 1699 1438 1779 sinyulos
1465 1698 1623 1774 dies,
1666 1697 1794 1759 Ubi
1832 1706 1927 1760 est
1969 1699 2149 1760 Deus
2188 1696 2391 1760 tuus?
2418 1697 2635 1796 Pasa-1:

183 1795 242 1857 si
263 1795 405 1879 jam
423 1797 600 1876 petit
628 1819 673 1859 a
712 1806 774 1860 te
803 1819 1005 1862 unam
1040 1806 1106 1861 et
1134 1801 1304 1862 hanc
1332 1801 1631 1881 requirit,
1660 1806 1738 1861 ‘ut
1764 1798 2085 1862 inhabitet
2114 1801 2184 1860 in
2216 1800 2397 1861 domo

181 1903 310 1958 tua
328 1917 457 1977 per
485 1918 700 1960 omnes
737 1898 874 1962 dies
914 1902 1059 1963 vitoe
1097 1921 1258 1962 suoe:
1315 1898 1428 1975 (Et
1466 1919 1611 1982 quae
1650 1899 1784 1962 vita
1825 1898 1962 1982 ejus
2004 1899 2129 1961 nisi
2172 1899 2285 1963 tu?
2334 1909 2399 1962 et

182 1997 305 2077 qui
329 1996 470 2060 dies
491 1997 588 2060 tui
607 1997 733 2060 nisi
753 2000 1074 2062 aeternitas
1103 2007 1232 2076 tua,
1263 1999 1432 2063 sicut
1457 2002 1622 2062 anni
1653 2000 1755 2062 tui
1785 1999 2039 2080 quinon
2058 1999 2396 2080 deficiunt,
2418 2013 2500 2061 Ps.
2523 2015 2634 2069 101,

183 2098 348 2179 quia
395 2099 568 2160 idem
619 2101 756 2180 ipse
793 2098 932 2179 (93.9)
973 2101 1127 2163 hinc
1168 2122 1319 2182 ergo
1364 2100 1684 2181 intelligat
1724 2100 1936 2163 anima
1984 2120 2127 2182 quae
2166 2108 2399 2182 potest,
2413 2079 2493 2125 ²⁸⁰

183 2219 387 2281 quam
432 2202 624 2280 longe
665 2223 855 2284 super
905 2203 1120 2266 omnia
1161 2210 1447 2285 tempora
1490 2202 1579 2264 sis
1623 2211 1926 2277 aeternus3
1989 2191 2245 2284 quando
2290 2211 2401 2265 tua

185 2299 424 2364 domus
443 2321 589 2384 quae
620 2304 1022 2385 peregrinata
1041 2325 1174 2366 non
1195 2314 1312 2381 est,
1334 2304 1627 2386 quamvis
1649 2325 1781 2366 non
1812 2303 1897 2367 sit
1926 2303 2042 2365 tibi
2064 2310 2399 2379 coaeterna,

184 2412 408 2470 tamen
465 2403 897 2468 indesinenter
941 2415 1004 2468 et
1052 2404 1493 2469 indeficienter
1548 2405 1665 2467 tibi
1722 2403 2101 2468 cohaerendo
2159 2404 2397 2466 nullam

183 2505 434 2587 patitur
460 2505 969 2570 vicissitudinem
999 2515 1376 2592 temporum.
1439 2508 1590 2569 Hoc
1610 2506 1677 2566 in
1700 2512 2052 2587 conspectu
2074 2513 2184 2566 tuo
2206 2504 2401 2567 claret

184 2606 372 2683 mihi,
403 2613 472 2669 et
506 2608 714 2688 magis
753 2609 1083 2693 magisque
1115 2610 1442 2686 clarescat,
1471 2629 1582 2670 oro
1612 2615 1695 2682 te,
1726 2613 1918 2690 atque
1946 2606 2014 2667 in
2043 2605 2165 2668 hac
2196 2605 2397 2668 mani·

184 2705 530 2769 festatione
557 2708 895 2790 persistam
925 2708 1174 2772 sobrius
1205 2705 1325 2771 sub
1355 2709 1475 2772 alis
1504 2709 1652 2771 tuis.

282 2812 384 2870 14.
429 2809 606 2870 Ecce
649 2809 869 2872 nescio
910 2809 1066 2891 quid
1102 2811 1368 2873 informe
1403 2811 1470 2872 in
1506 2810 1649 2872 istis
1690 2809 2150 2872 mutationibus
2190 2831 2398 2872 rerum

185 2919 618 2972 extremarum
677 2919 870 2993 atque
927 2912 1336 2975 infirmarum.
1452 2913 1545 2973 Et·
1601 2912 1746 2993 quis
1805 2910 1977 2974 dicet
2033 2912 2214 2987 mihi,
2272 2913 2396 2974 nisi

183 3010 488 3094 quisquis
545 3032 663 3095 per
715 3011 937 3075 inania
994 3012 1206 3076 cordis
1265 3013 1364 3074 sui
1423 3033 1571 3076 cum
1638 3012 1773 3075 suis
1844 3011 2398 3095 phantasmatibus

183 3119 461 3192 vagatur
489 3121 555 3174 et
583 3112 854 3177 volvitur
863 3137 880 3190 3
928 3114 1074 3197 quis
1109 3112 1234 3176 nisi
1269 3113 1414 3176 talis
1453 3112 1625 3177 dicet
1659 3112 1840 3189 mihi,
1870 3111 2045 3194 quod
2086 3111 2400 3176 diminuta

187 3221 385 3295 atque
430 3215 813 3297 consumpta
859 3216 1031 3278 omni
1081 3216 1318 3299 specie,
1357 3214 1411 3276 si
1459 3216 1597 3277 sola
1656 3223 1978 3277 remaneat
2022 3213 2398 3291 informitaS,

185 3333 306 3394 per
344 3331 536 3394 quam
577 3312 658 3375 de
701 3315 916 3395 specie
959 3315 1026 3376 in
1067 3315 1348 3398 speciem
1387 3335 1486 3376 res
1526 3313 1891 3377 mutabatur
1928 3323 1992 3377 et
2018 3316 2398 3390 vertebatur,

185 3413 402 3495 possit
444 3413 749 3477 exhibere
793 3415 968 3478 vices
1012 3413 1404 3499 temporum?
1454 3414 1733 3477 Omnino
1777 3415 1946 3477 enim
1991 3436 2121 3477 non
2164 3423 2399 3497 potest,

189 3514 350 3597 quia
409 3513 548 3577 sine
597 3516 902 3580 varietate
951 3517 1307 3582 motionum
1358 3536 1490 3577 non
1538 3523 1688 3577 sunt
1736 3525 2050 3600 tempora:
2120 3524 2185 3578 et
2224 3517 2399 3578 nulla

189 3614 486 3691 varietas,
516 3615 630 3678 ubi
660 3619 840 3680 nulla
869 3619 1137 3700 specieS.

283 3720 380 3777 15.
430 3717 681 3788 Quibus
712 3718 1128 3783 consideratis
1159 3729 1469 3803 quantum
1501 3719 1724 3796 donaS,
1748 3720 1929 3782 Deus
1967 3741 2169 3796 meUS,
2200 3742 2398 3803 quan·
2448 3735 2586 3815 'XIL

188 3825 326 3879 tum
363 3839 467 3879 me
508 3816 592 3880 ad
627 3819 1017 3900 pulsandum
1057 3819 1322 3896 excitas,
1356 3828 1795 3903 quantumque
1823 3821 2109 3901 pulsanti
2152 3820 2394 3901 aperis·
2419 3801 2616 3846 “mm''

2380 3868 2397 3895 ,
2559 3889 2575 3900 .

188 3917 318 3980 duo
346 3918 596 4001 reperio
627 3940 771 4001 quae
794 3920 1005 3983 fecisti
1033 3921 1315 3984 carentia
1343 3921 1757 4003 temporibus,
1780 3941 1929 3982 cum
1960 3920 2076 3982 tibi
2104 3927 2397 3982 neutrum
2413 3863 2622 3990 {lcitum-

187 4025 578 4082 coaeternum
609 4020 711 4081 sit.
802 4021 1048 4098 Unum,
1088 4019 1262 4104 quod
1303 4021 1396 4084 ita
1437 4021 1775 4083 formatum
1818 4028 1933 4095 est,
1970 4030 2044 4081 ut
2086 4020 2221 4082 sine
2267 4021 2397 4083 ullo
2414 4005 2637 4118 {21¹5me

184 4117 446 4183 defectu
477 4121 1058 4202 contemplationis,
1081 4122 1216 4184 sine
1246 4123 1378 4184 ullo
1407 4121 1740 4184 intervallo
1762 4119 2151 4195 mutationiS,
2176 4142 2396 4202 quam-

181 4219 284 4281 vis
316 4220 628 4282 mutabile
659 4229 869 4284 tamen
900 4243 1032 4285 non
1061 4231 1395 4299 mutatum,
1418 4230 1531 4300 tua
1560 4223 1906 4285 aeternitate
1938 4231 2127 4305 atque
2156 4221 2396 4284 incom-

181 4320 616 4382 mutabilitate
645 4321 1037 4403 perfruatur:
1093 4325 1381 4401 alterum,
1413 4322 1589 4406 quod
1616 4323 1709 4385 ita
1739 4321 2003 4384 informe
2033 4330 2184 4398 erat,
2215 4330 2289 4383 ut
2314 4342 2398 4382 ex

182 4438 319 4499 qua
359 4418 584 4496 forma,
613 4419 683 4481 in
714 4441 909 4503 quam
946 4421 1210 4486 sormam
1259 4423 1358 4485 vel
1398 4421 1702 4484 motionis
1740 4423 1840 4483 vel
1880 4423 2167 4485 stationis
2196 4431 2397 4487 muta-

388 4541 418 4579 k
453 4546 570 4609 Sup.
593 4543 628 4593 l.
649 4544 720 4592 xi.
743 4545 786 4606 §0
807 4545 892 4593 38.
915 4543 998 4594 inf.
1025 4546 1066 4607 §.
1095 4547 1169 4593 18.
1601 4543 1619 4579 ²
1652 4545 1746 4595 lnf.
1765 4547 1825 4595 ad
1848 4546 1882 4596 1.
1901 4547 1997 4596 xiii.
2023 4563 2064 4597 c.
2090 4549 2171 4598 35.
