3042 5059
637 386 1359 455 CONFESSIONUM
1404 390 1694 455 LIBER
1734 389 1818 453 X.
2196 394 2320 459 201

33 570 42 598 2
88 540 437 618 rabilium3
482 547 549 613 et
576 540 999 620 consideravi,
1028 550 1093 605 et
1118 542 1377 627 expavi,
1407 551 1473 607 et
1508 543 1676 609 nihil
1713 564 1933 609 eorum
1969 542 2329 611 discernere

33 665 46 700 ι.
86 645 282 727 potui
332 644 475 715 sine
519 651 606 721 te,
634 652 703 715 et
744 645 909 711 nihil
952 666 1171 709 eorum
1216 668 1355 713 esse
1398 654 1463 711 te
1508 648 1744 713 inveni.
1835 648 1980 715 Nec
2023 668 2144 729 ego
2186 648 2328 731 ipse

33 770 35 787 1
90 747 399 812 inventor
456 744 570 829 qui
626 746 961 828 peragravi
1027 746 1265 824 omnia,
1322 754 1387 815 et
1442 746 1834 830 distinguere
1891 756 1959 813 et
2012 769 2130 831 pro
2195 748 2329 815 suis

35 846 47 902 T:
92 866 385 928 quaeque
438 844 863 927 dignitatibus
914 846 1227 911 aestimare
1278 855 1553 913 conatus
1605 869 1770 926 sum,
1815 847 2152 933 excipiens
2201 848 2330 915 alia
2441 874 2446 879 ·

33 1004 35 1006 ,
89 946 555 1013 nuntiantibus
606 948 924 1025 sensibus,
958 957 1023 1012 et
1063 948 1461 1030 interrogans
1512 950 1642 1017 alia
1683 970 1936 1013 mecum
1979 948 2330 1017 commixta
2369 960 2375 963 ’

33 1095 45 1109 ψ,
90 1050 409 1127 sentiens,
467 1050 777 1134 ipsosque
833 1050 1097 1119 nuntios
1168 1052 1559 1133 dignoscens
1626 1061 1820 1137 atque
1893 1050 2326 1132 dinumerans,

37 1183 40 1209 ³
80 1151 363 1235 jamque
390 1151 463 1213 in
489 1150 853 1219 memoriae*
882 1152 1033 1217 latis
1072 1153 1305 1235 opibus
1344 1154 1472 1220 alia
1497 1160 1916 1236 pertractans,
1938 1153 2066 1219 alia
2091 1174 2318 1219 recon-

33 1280 37 1312 :
93 1253 283 1331 dens,
328 1252 462 1321 alia
511 1273 757 1319 eruens.
866 1254 1008 1319 Nec
1048 1274 1171 1334 ego
1216 1254 1358 1336 ipse
1402 1276 1550 1319 cum
1597 1253 1740 1321 haec
1785 1274 2060 1335 agerem,
2109 1253 2180 1317 id
2219 1262 2320 1317 est

33 1394 44 1410 »Α
93 1354 196 1419 vis
226 1374 382 1418 mea
410 1351 639 1436 quaid
667 1355 959 1433 agebam,
986 1376 1109 1419 nec
1136 1354 1281 1438 ipsa
1308 1376 1447 1419 eras
1483 1362 1579 1433 tu,
1607 1354 1763 1437 quia
1799 1356 1918 1419 lux
1955 1376 2026 1421 es
2063 1362 2138 1418 tu
2171 1375 2325 1439 per-

32 1483 45 1517 2
94 1475 374 1519 manens
404 1474 601 1537 quam
628 1452 709 1519 de
740 1455 1041 1520 omnibus
1070 1456 1485 1522 consulebam
1514 1476 1598 1519 an
1627 1462 1863 1533 essent,
1894 1454 2054 1539 quid
2080 1463 2324 1534 essent,

32 1583 43 1621 z·
94 1556 329 1641 quanti
366 1554 713 1639 pendenda
744 1564 985 1625 essent:
1033 1563 1099 1623 et
1126 1555 1467 1623 audiebam
1495 1556 1832 1623 docentem
1859 1578 1936 1625 ac
1959 1556 2314 1639 jubentem.

92 1658 185 1721 Et
214 1677 397 1740 saepe
425 1656 603 1721 istud
631 1656 830 1733 faci03
874 1656 1001 1721 hoc
1031 1655 1458 1739 medelectat,
1486 1666 1552 1721 et
1581 1657 1664 1721 ab
1701 1656 2064 1722 actionibus
2099 1676 2321 1722 neces-

34 1780 40 1821 :
94 1758 311 1824 sitatis
343 1764 657 1841 quantum
683 1758 959 1825 relaxari
986 1778 1275 1841 possum,
1304 1756 1389 1821 ad
1416 1758 1606 1823 istam
1637 1759 2029 1840 voluptatem
2056 1757 2322 1837 refugio·

33 1903 37 1924 1
92 1863 337 1943 Neque
385 1860 456 1929 in
500 1860 606 1926 his
650 1860 968 1936 omnibus,
1007 1879 1152 1942 quae
1204 1878 1507 1941 percurro
1551 1858 1895 1923 consulens
1945 1864 2030 1935 te,
2066 1857 2325 1921 invenio

33 1986 34 1993 ¹
92 1971 307 2027 tutum
357 1963 574 2028 locum
626 1964 855 2027 anirnae
895 1982 1055 2025 meae
1094 1960 1220 2023 nisi
1262 1962 1332 2025 in
1368 1970 1456 2040 te,
1499 1984 1630 2046 quo
1675 1962 2059 2042 colligantur
2103 1982 2326 2044 sparsa

92 2065 290 2141 mea'·,
326 2086 451 2129 nec
492 2086 532 2131 a
566 2073 631 2128 te
674 2064 1029 2148 quidquam
1067 2062 1322 2128 recedat
1359 2086 1445 2129 ex
1486 2086 1610 2129 me.
1700 2065 1792 2127 Et
1831 2063 2179 2147 aliquando
2222 2064 2324 2135 in-

92 2166 404 2231 tromittis
454 2188 557 2231 me
614 2167 684 2231 in
741 2168 1043 2233 affectum
1099 2166 1372 2231 multum
1430 2166 1808 2231 inusitatum
1862 2166 2173 2233 introrsus
2231 2166 2318 2231 ad

92 2268 321 2331 nescio
368 2289 561 2350 quam
606 2266 1035 2343 dulcedinem,
1086 2288 1231 2349 quse
1278 2266 1333 2329 si
1375 2267 1748 2349 perficiatur
1797 2267 1868 2331 in
1923 2289 2050 2347 me,
2098 2267 2320 2333 nescio

93 2369 261 2453 quid
308 2370 431 2435 erit
472 2370 662 2453 quod
682 2369 817 2435 vita
856 2370 981 2435 ista
1023 2355 1155 2431 non
1193 2370 1329 2437 erit.
1422 2370 1553 2435 Sed
1578 2370 1796 2436 recido
1823 2370 1895 2433 in
1920 2371 2063 2435 haec
2094 2385 2319 2435 aeruni-
2370 2406 2372 2409 >

97 2472 284 2533 nosis
321 2470 737 2554 ponderibus,
788 2478 852 2533 et
894 2472 1221 2537 resorbeor
1264 2470 1491 2548 solitis,
1543 2480 1608 2535 et
1649 2480 1890 2547 teneor,
1933 2479 2000 2537 et
2045 2472 2320 2537 multum

100 2574 252 2648 fle0,
294 2570 409 2635 sed
446 2572 715 2639 multum
758 2577 993 2634 teneor.
1082 2571 1364 2635 Tantum
1404 2570 1886 2635 consuetudinis
1922 2572 2172 2639 sarcina
2201 2572 2314 2635 de-

97 2671 401 2756 gravat'!
451 2674 584 2741 Hic
616 2694 755 2737 esse
780 2674 984 2749 vale0,
1006 2694 1125 2739 nec
1154 2674 1333 2750 volo;
1370 2673 1504 2738 illic
1538 2673 1706 2751 volo,
1726 2693 1846 2741 nec
1869 2674 2083 2750 vale03
2127 2673 2322 2739 miser

96 2778 468 2861 utrobique.

180 2883 289 2941 66.
336 2877 625 2962 Ideoque
656 2878 1055 2942 consideravi
1092 2879 1433 2959 languores
1474 2884 1890 2960 peccatorum
1923 2899 2206 2943 meorum
2247 2878 2318 2943 in
2377 2899 2516 2950 XLI.

99 2978 455 3063 cupiditate
510 2978 783 3062 triplici3
844 2986 908 3041 et
958 2977 1287 3041 dexteram
1344 2985 1521 3043 tuam
1567 2978 1864 3043 invocavi
1915 2978 1996 3041 ad
2047 2980 2318 3043 salutem
2335 2962 2528 3090 ἓξὲξ*

97 3102 325 3145 meam.
389 3079 544 3143 Vidi
574 3079 747 3145 enim
768 3078 1170 3162 splendorem
1198 3086 1381 3143 tuum
1404 3077 1596 3143 corde
1627 3077 1868 3156 saucio,
1899 3086 1964 3142 et
1989 3099 2316 3161 repercus·
2337 3096 2430 3136 tas·

103 3203 211 3245 sus
240 3180 415 3244 dixi:
464 3180 503 3213 “
535 3179 701 3252 Quis
718 3179 873 3245 illuc
896 3177 1147 3261 potest?
1200 3178 1544 3261 Proiectus
1561 3200 1704 3243 sum
1727 3179 1971 3261 afacie
1991 3181 2318 3243 oculorum
2337 3196 2421 3245 Ps.
2443 3197 2528 3256 30,

104 3280 423 3344 tuorum?
494 3280 599 3343 Tu
642 3300 711 3342 es
742 3278 993 3344 Veritas
1038 3298 1229 3360 super
1266 3278 1484 3342 omnia
1515 3277 1897 3361 praesidens:
1945 3286 2014 3346 at
2039 3300 2164 3359 ego
2204 3300 2322 3363 per
2335 3261 2417 3309 23.

104 3380 471 3447 avaritiam¹⁸
489 3398 698 3447 meam
725 3398 860 3439 non
889 3376 1176 3440 amittere
1203 3384 1269 3439 te
1298 3376 1495 3453 volui,
1527 3377 1644 3444 sed
1670 3378 1845 3443 volui
1872 3386 2084 3443 tecum
2111 3380 2321 3462 possi-

101 3482 245 3547 dere
273 3480 715 3555 mendacium3
761 3478 929 3542 sicut
954 3498 1143 3541 nemo
1174 3478 1312 3539 vult
1339 3477 1431 3541 ita
1458 3478 1691 3545 falsum
1721 3479 1956 3559 dicere,
1977 3488 2051 3545 ut
2075 3480 2324 3547 nesciat

98 3583 237 3665 ipse
268 3580 431 3667 quid
458 3600 677 3645 verum
706 3578 808 3641 sit.
898 3579 1127 3661 Itaque
1167 3577 1354 3644 amisi
1386 3586 1469 3655 te,
1502 3580 1657 3663 quia
1688 3601 1820 3645 non
1859 3580 2144 3664 dignaris
2174 3604 2322 3649 cum

96 3682 433 3749 mendacio
456 3677 790 3764 possideri.
2111 3752 2118 3758 ,

184 3788 288 3845 67.
336 3783 547 3854 Quem
595 3780 948 3842 invenirem
993 3778 1107 3861 qui
1149 3798 1253 3839 me
1294 3780 1736 3849 reconciliaret
1768 3781 1933 3845 tibi?
2009 3785 2316 3847 Ambien-
2368 3797 2534 3845 XLII.

96 3883 290 3950 dum*
325 3883 491 3946 mihi
517 3882 641 3948 fuit
670 3880 751 3947 ad
780 3878 1107 3961 Angelos?
1186 3879 1335 3950 Qua
1374 3881 1610 3963 prece?
1680 3883 1916 3965 quibus
1957 3906 2311 3947 sacramen-
2331 3861 2557 3971 ffi’ffi‘g}

94 3984 221 4047 tis?
269 3983 468 4047 Multi
501 3990 809 4046 conantes
847 3979 931 4043 ad
974 3988 1039 4043 te
1071 3980 1295 4058 redire,
1324 4001 1537 4063 neque
1579 4001 1695 4061 per
1733 3982 1980 4063 seipsos
2007 3983 2496 4059 valentesmone·

95 4084 263 4153 sicut
320 4082 541 4160 audio,
594 4088 995 4149 tentavonmt
1051 4081 1215 4158 haec,
1266 4091 1332 4148 et
1378 4078 1743 4145 inciderunt
1796 4079 1866 4145 in
1925 4078 2312 4147 desiderium
2329 4056 2560 4163 {fflssffi

2332 4177 2557 4228 adDeum

153 4299 171 4339 ¹
203 4306 235 4355 J
241 4320 318 4355 am
342 4306 426 4355 diu
448 4311 685 4369 occupata
704 4300 863 4351 vixisti
902 4310 950 4352 et
986 4300 1171 4351 deside-
1240 4310 1333 4356 cet,
1350 4314 1508 4365 quaere
1529 4316 1672 4364 quem
1689 4301 1864 4351 habeat
1881 4300 2141 4352 authorem.
2183 4302 2318 4367 Aug.

96 4369 262 4418 riorum
281 4369 555 4419 diversitate
568 4366 813 4417 verberata
830 4375 989 4432 portas
1005 4366 1175 4431 plagas
1238 4364 1289 4413 in
1321 4366 1403 4413 Ps.
1445 4366 1556 4414 145.
1579 4366 1622 4429 §.
1645 4369 1694 4415 5.
1741 4366 1868 4416 Vide
1889 4381 1997 4433 sup.
2020 4366 2054 4417 l.
2081 4366 2146 4415 ix.
2171 4367 2212 4429 ς.
2241 4368 2316 4415 10.
2399 4404 2404 4408 .

93 4433 267 4492 saucia,
290 4433 447 4483 divisa
469 4448 555 4499 per
579 4446 762 4481 amores
784 4431 975 4480 multos.
1022 4430 1172 4479 cossi·
1237 4436 1287 4479 et
1308 4428 1395 4478 inf.
1420 4430 1455 4478 l.
1481 4429 1543 4479 xi.
1573 4445 1618 4478 c.
1639 4432 1720 4479 29.

98 4512 199 4559 gere
218 4498 281 4549 ad
302 4498 537 4565 teipsam:
570 4494 807 4561 quidquid
830 4492 1049 4564 tibi-foris
1068 4494 1173 4558 pla·
1303 4491 1333 4531 ¹²
1356 4494 1472 4543 vid.
1494 4508 1602 4559 sup.
1613 4494 1682 4545 iii.
1693 4510 1740 4546 c.
1755 4496 1802 4544 8.
1821 4511 1866 4545 v.
1887 4496 1970 4545 fin.
1991 4512 2044 4561 pe
2063 4496 2148 4546 ³8.
2167 4502 2266 4545 not.
2281 4494 2314 4543 1.
