3042 5059
614 395 698 453 40

1163 388 1230 451 S.
1277 386 1795 451 AUGUSTINI
1842 383 2259 449 EPISCOPI

614 544 752 629 ejus
793 544 1080 607 arborem
1119 542 1422 627 lacrymis
1457 541 1721 607 lacteis?
1812 541 2023 613 Quam
2052 548 2265 603 tamen
2294 538 2493 605 ficum
2522 539 2579 602 si
2608 560 2827 603 come-

615 643 816 708 disset
872 644 1110 728 aliquis
1168 638 1448 721 Sanctus,
1507 643 1750 705 alien0⁰
1800 662 1975 718 sane,
2033 662 2166 703 non
2232 662 2350 704 suo
2410 642 2647 705 scelere
2714 640 2827 703 de-

617 757 918 832 cerptam,
967 748 1266 811 misceret
1321 746 1695 821 visceribus,
1743 754 1809 809 et
1862 745 2189 809 anhelaret
2237 745 2317 808 de
2374 746 2491 809 illa
2540 745 2833 826 argelem,

615 851 748 913 imo
798 870 948 912 vero
993 850 1355 933 particulas
1370 852 1394 885 ¹³
1437 846 1591 923 Dei,
1644 845 1955 928 gemendo
2006 847 2075 908 in
2126 847 2410 911 oratione
2450 855 2641 931 atque
2686 868 2830 910 ruc-

621 1046 853 1112 ἆιόςῦτοις
889 1046 968 1094 καὶ
1001 1047 1041 1093 ir
1075 1044 1212 1092 rauel
1234 1042 1332 1106 ζόῃ
1372 1042 1452 1090 nal
1487 1045 1684 1105 τιτιινᾷι

1750 1043 1895 1109 ἔργον
1922 1043 2019 1093 οὔτε
2042 1043 2089 1091 αἱ
2106 1044 2196 1107 ty&
2216 1042 2393 1109 Userca.
2418 1042 2517 1091 οὔτε
2537 1042 2698 1097 ἤλυε,
2724 1041 2831 1090 οὔτι

621 1112 700 1159 καὶ
720 1113 904 1176 ierne-5.
920 1111 998 1157 nal
1011 1107 1222 1171 ινοδαλᾷ
1259 1110 1305 1156 οὗ
1320 1108 1443 1168 privor
1457 1108 1593 1155 ἀλλὰ
1604 1107 1689 1154 καὶ
1749 1108 1925 1167 {lambri
1946 1128 2011 1157 n.
2036 1109 2136 1157 oller
2160 1110 2217 1160 ric
2242 1107 2451 1164 κλίβανον
2482 1108 2665 1164 mazer,
2694 1107 2835 1155 ἀλλὰ

621 1177 661 1223 b
685 1180 773 1227 τοῖς
797 1179 946 1237 φυτοῖς
971 1175 1050 1227 τὸν
1080 1176 1158 1227 τῆς
1177 1175 1287 1235 ζωῆς
1311 1170 1500 1233 ἰκμάδα,
1526 1171 1689 1224 nr'rnen

623 1239 726 1289 εἶναι
741 1242 904 1301 ψυχῆς
921 1241 1114 1301 φάσκω.
1130 1238 1180 1291 ἦν
1192 1240 1270 1285 καὶ
1291 1239 1330 1285 b
1351 1240 1438 1290 τοῖς
1457 1236 1686 1303 cludetis-m

625 1305 920 1371 ὖτάςχουσαν
936 1304 1078 1365 λίγα.
1120 1306 1280 1366 'l'yrbo
1302 1304 1361 1350 de
1385 1305 1583 1349 Manete
1606 1318 1685 1365 ap.

624 1371 799 1434 Epiph.
841 1372 969 1417 Haer.
1011 1370 1090 1416 66.
1130 1370 1175 1429 §.
1219 1370 1265 1415 8.
1335 1366 1519 1413 Herbas
1562 1365 1685 1413 enim

625 1442 768 1497 atque
793 1434 980 1482 arbores
1000 1433 1068 1481 sic
1091 1440 1258 1497 putant
1278 1433 1448 1486 vivere,
1469 1438 1521 1477 ut
1545 1430 1687 1477 vitam

659 1514 731 1545 uae
772 1497 870 1544 illis
912 1497 1050 1551 inest,
1089 1505 1139 1543 et
1177 1495 1347 1543 sentire
1389 1494 1601 1549 credant,
1643 1501 1692 1542 et

660 1562 786 1611 olere
819 1577 926 1609 cum
949 1560 1219 1609 laeduntur:
1257 1574 1344 1606 nec
1367 1557 1548 1623 aliquid
1582 1557 1695 1607 inde

626 1626 728 1674 sine
769 1628 982 1673 cruciatu
1023 1639 1184 1672 earum
1227 1638 1512 1687 quemquam
1557 1638 1694 1687 posse

627 1691 802 1739 vellere
855 1700 938 1737 aut
996 1703 1204 1753 carpere.
1299 1686 1495 1751 Propter
1548 1687 1693 1750 quod,

628 1770 794 1818 agrum
827 1754 969 1802 etiam
1004 1754 1151 1818 spinis
1185 1767 1402 1815 purgare,
1441 1751 1574 1799 nefas
1606 1752 1693 1799 ha-

628 1819 762 1867 bent.
795 1818 950 1883 (Aug.
974 1818 1033 1865 de
1058 1818 1215 1880 Haer.)
1287 1815 1460 1863 Dicitis
1487 1816 1697 1863 dolorem

629 1884 802 1931 sentire
823 1881 1043 1937 fructum,
1066 1897 1174 1929 cum
1208 1880 1268 1927 de
1289 1882 1450 1928 arbore
1472 1879 1697 1944 carpitur,

630 1948 800 1996 sentire
819 1962 928 1995 cum
945 1946 1221 1998 conciditur,
1244 1960 1351 1992 cum
1385 1945 1564 1999 teritur,
1589 1960 1697 1991 cum

631 2012 863 2076 coquitur,
887 2027 995 2058 cum
1019 2009 1272 2057 manditur.
1315 2025 1360 2057 c.
1382 2010 1545 2056 Faust.
1568 2009 1633 2058 vi.
1651 2011 1697 2057 4.

631 2075 870 2141 Expedite
919 2076 1082 2123 dicunt
1135 2072 1312 2121 homini
1365 2074 1694 2121 foeneratorem

632 2156 734 2189 esse
756 2155 897 2203 quarn
923 2139 1191 2202 agricolam.
1260 2137 1358 2195 Qui
1375 2138 1500 2185 enim
1517 2137 1565 2183 in
1585 2154 1695 2185 usu-

635 2221 754 2261 ram,
776 2204 1015 2268 inquiunt,
1045 2204 1128 2251 dat
1150 2204 1415 2267 pecuniam,
1442 2218 1534 2250 non
1566 2202 1697 2250 loedit

631 2283 816 2318 crucem
841 2269 1061 2317 luminis:
1096 2267 1177 2331 qui
1201 2276 1356 2316 autem
1375 2266 1582 2329 agricola
1610 2275 1698 2321 est,

633 2335 834 2382 multum
868 2333 999 2381 laedit
1026 2348 1209 2382 crucem
1245 2331 1449 2379 luminis.
1515 2331 1705 2388 Quaeris

635 2413 776 2461 quam
818 2413 1005 2446 crucem
1051 2396 1278 2445 luminis?
1345 2396 1581 2451 Membra,
1630 2394 1706 2442 in·

634 2463 822 2525 quiunt,
847 2462 934 2511 illa
966 2462 1081 2518 Dei,
1099 2476 1206 2524 quae
1229 2469 1370 2524 capta
1401 2469 1511 2507 sunt
1545 2460 1591 2506 in
1624 2460 1705 2508 illo

633 2528 813 2590 praelio,
849 2528 996 2575 mixta
1029 2534 1138 2573 sunt
1178 2524 1390 2572 universo
1425 2524 1620 2581 mundo,
1658 2533 1707 2572 et

637 2600 745 2639 sunt
778 2591 829 2639 in
865 2591 1121 2647 arboribus,
1156 2590 1204 2637 in
1240 2589 1412 2643 herbis,
1447 2589 1495 2635 in
1533 2588 1702 2653 pomis,

635 2655 686 2703 in
727 2656 974 2704 fructibus.
1041 2655 1137 2703 Dei
1179 2654 1390 2702 membra
1430 2662 1589 2707 vexat,
1624 2653 1707 2716 qui

635 2727 804 2767 terram
864 2720 996 2767 sulco
1037 2716 1287 2767 discindit:
1345 2717 1439 2765 Dei
1494 2717 1707 2765 membra

636 2794 794 2841 vexat,
819 2783 899 2847 qui
922 2783 1117 2830 herbam
1151 2783 1211 2831 de
1243 2794 1366 2831 terra
1389 2780 1555 2830 vellit:
1611 2782 1705 2830 Dei

636 2850 850 2897 membra
871 2855 1011 2895 vexat
1031 2847 1112 2911 qui
1143 2862 1333 2913 pomum
1352 2846 1504 2909 carpit
1536 2847 1597 2893 de
1630 2860 1707 2893 ar·

635 2913 765 2961 bore.
815 2912 945 2975 Aug.
981 2911 1028 2959 in
1063 2912 1147 2959 Ps.
1193 2914 1300 2959 140.
1344 2912 1384 2972 §.
1430 2912 1506 2958 12.
1575 2910 1705 2967 Quid

636 2977 761 3025 obsit
799 2976 968 3035 arbori,
1011 2992 1106 3024 non
1140 2974 1246 3024 dico
1281 2976 1319 3023 si
1360 2990 1553 3040 pomum
1593 2975 1707 3023 inde

636 3041 859 3090 foliumve
889 3042 1133 3106 decerpas,
1169 3041 1324 3104 (quod
1351 3040 1543 3103 quidem
1578 3038 1706 3104 apud

640 3122 738 3160 vos,
761 3106 799 3153 si
822 3106 928 3169 quis
947 3120 1040 3153 non
1074 3104 1410 3168 imprudentia,
1435 3104 1520 3152 sed
1556 3106 1708 3151 sciens

638 3169 814 3226 fecerit,
839 3168 1068 3233 signaculi
1091 3184 1220 3223 cortu
1259 3177 1330 3217 tor
1363 3168 1462 3216 sine
1493 3167 1593 3215 ulla
1620 3167 1707 3217 du-

639 3234 866 3283 bitatione
911 3233 1230 3286 damnabitur.
1307 3232 1388 3280 sed
1431 3232 1707 3311 omninogsi

637 3314 743 3346 eam
781 3298 1006 3345 radicitus
1041 3300 1215 3344 eruas!
1284 3296 1460 3344 Anima
1503 3310 1708 3359 namque

638 3362 726 3410 illa
765 3377 907 3425 quarn
950 3361 1226 3409 rationalem
1269 3362 1422 3408 inesse
1466 3362 1709 3409 arboribus

642 3425 950 3479 arbitramini,
975 3426 1138 3474 arbore
1167 3426 1324 3473 excisa
1351 3424 1539 3472 vinculo
1570 3424 1709 3471 solvi·-

641 3499 747 3548 tur;
774 3506 854 3537 vos
873 3490 997 3537 enirn
1022 3490 1113 3537 hoc
1135 3489 1305 3537 dicitis.
1344 3488 1707 3537 Revolutionem

640 3555 842 3601 hominis
875 3554 925 3601 in
963 3556 1194 3610 arborem,
1233 3562 1393 3602 notum
1431 3562 1502 3601 est
1535 3568 1632 3607 vos,
1658 3554 1706 3601 id

641 3628 730 3673 est,
751 3626 984 3667 auctorem
1011 3618 1163 3684 ipsum
1189 3628 1389 3666 vestrum
1425 3634 1505 3681 pro
1532 3618 1708 3679 ingenti

641 3698 807 3747 poena,
853 3698 945 3730 nnn
992 3692 1152 3731 tamen
1195 3700 1278 3745 pro
1317 3698 1518 3737 summa,
1562 3683 1709 3730 solere

645 3746 1051 3795 minitari.—lllas
1067 3747 1324 3811 perhibetis
1337 3756 1385 3795 et
1402 3748 1563 3794 audire
1576 3763 1711 3795 voces

645 3821 845 3865 nostras,
868 3813 1006 3859 verba
1032 3811 1312 3875 intelligere,
1327 3821 1373 3859 et
1391 3826 1587 3875 corpora
1612 3827 1709 3859 mo-

645 3886 814 3940 tusque
869 3892 1111 3941 corporum
1168 3876 1356 3931 intueri,
1402 3875 1711 3937 cogitationes

643 3941 845 4003 denique
869 3941 994 4004 ipsas
1010 3941 1288 4006 perspicere.
1327 3942 1403 3989 De
1420 3942 1543 3990 Mor.
1569 3942 1704 3989 Man.

642 4006 677 4054 l.
709 4005 758 4054 ii.
793 4008 834 4069 §.
868 4008 947 4053 55.
1016 4006 1246 4072 Impietas
1281 4005 1516 4054 rusticana
1552 4004 1709 4069 plane,

642 4070 886 4133 magisque
909 4070 1068 4133 lignea
1090 4086 1232 4136 quam
1257 4078 1368 4119 suut
1389 4071 1501 4135 ipsae
1526 4070 1714 4117 arbores

643 4134 814 4197 quibus
839 4136 1147 4199 patrocinium
1182 4136 1376 4201 praebet,
1410 4150 1516 4199 quae
1552 4133 1712 4182 dolere

644 4199 784 4246 vitem
829 4198 1020 4261 quando
1067 4215 1158 4247 uva
1199 4200 1478 4265 decerpitur,
1526 4206 1572 4245 et
1620 4213 1711 4246 nnn

645 4263 793 4310 solum
838 4263 1008 4310 sentire
1047 4261 1138 4311 ista
1175 4279 1282 4311 cum
1321 4264 1587 4320 caeduntur,
1628 4263 1713 4311 sed

645 4326 787 4375 etiam
812 4326 969 4375 videre
1005 4335 1146 4390 atque
1181 4328 1342 4376 audire
1371 4328 1535 4376 credit.
1584 4327 1714 4390 Aug.

648 4390 708 4440 de
726 4394 904 4447 Quam.
930 4390 1136 4445 Animae.
1160 4394 1201 4453 ξ.
1226 4393 1304 4439 71.

713 4462 737 4487 ⁰
761 4456 905 4503 ‘'Oe-m
931 4455 1158 4516 pinum
1191 4455 1331 4505 ἐσθίω
1357 4456 1505 4522 ἔργον,
1534 4457 1712 4521 «goerri-

644 4540 809 4583 anu
851 4522 1025 4584 ηὖξον
1069 4521 1184 4569 οὕτω
1227 4520 1432 4583 λίμνης
1489 4522 1594 4587 πρὸς
1639 4523 1714 4570 «ὃν

1752 1174 1895 1226 ἄλλος
1920 1172 2091 1226 {taines
2128 1174 2297 1223 eave-a.
2323 1174 2403 1220 καὶ
2434 1172 2593 1233 ilus-yn}
2610 1192 2706 1235 μοι,
2736 1171 2834 1232 luyd-

1752 1237 1956 1291 ἀναιτίως
1978 1238 2161 1299 Ion-yn.
2201 1237 2281 1285 nal
2300 1237 2408 1287 ἴτω
2429 1239 2531 1285 καθ’
2548 1239 2704 1285 &novbr
2726 1237 2835 1302 εἴσῃ

1752 1304 1921 1360 ταῦτα,
1936 1304 2059 1365 λίγα
2072 1307 2136 1366 τᾷ
2146 1301 2473 1364 κατηχουμίνᾳ
2507 1304 2704 1361 ηὗξάμην
2716 1302 2785 1349 ὖο·
2794 1302 2835 1367 ἒς

1754 1386 1842 1416 eon·
1882 1370 1961 1417 καὶ
1993 1368 2131 1421 οὕτως
2164 1367 2418 1430 ἀφίστασαι
2452 1368 2622 1421 ἱειῒοοε.
2669 1368 2835 1429 'l'yrbo

1754 1448 1835 1498 ap.
1853 1433 2027 1497 Epiph.
2044 1434 2171 1481 Haer.
2188 1435 2265 1481 66.
2292 1434 2333 1494 ξ.
2347 1434 2428 1480 28.
2444 1434 2565 1479 Acta
2582 1430 2839 1479 Archelai.

1759 1498 1799 1558 ς.
1828 1499 1877 1545 9.
1935 1498 2076 1546 Unde
2102 1497 2451 1558 agriculturam,
2475 1512 2583 1560 quae
2617 1493 2833 1543 omnium

1760 1562 1927 1609 artium
1952 1570 2023 1610 est
2044 1561 2447 1618 innocentissima,
2460 1570 2708 1625 tamquam
2724 1560 2839 1624 plu-

1760 1624 1877 1672 rium
1904 1625 2258 1674 homicidiorum
2283 1640 2409 1673 ream
2429 1625 2672 1672 dementer
2690 1640 2833 1672 accu-

1760 1698 1899 1737 sant:
1956 1690 2117 1754 itaque
2150 1690 2238 1754 ipsi
2274 1688 2443 1746 Electi,
2469 1688 2587 1735 nihil
2622 1689 2672 1736 in
2708 1689 2836 1750 agris

1759 1764 2026 1818 operantes,
2050 1770 2135 1803 uec
2159 1768 2301 1817 poma
2332 1761 2593 1817 carpentes,
2616 1768 2705 1801 nec
2738 1752 2838 1800 sal-

1760 1828 1856 1866 tem
1880 1818 1991 1867 solia
2026 1820 2127 1866 ulla
2150 1819 2392 1873 vellentes,
2418 1826 2697 1881 exspectant
2728 1818 2833 1865 haec

1762 1882 1915 1931 afferri
1949 1883 2111 1931 usibus
2144 1884 2241 1931 suis
2277 1883 2339 1930 ab
2374 1880 2685 1929 Auditoribus
2716 1882 2836 1942 suis,

1761 1948 1970 1996 viventes
1992 1949 2052 1996 de
2074 1955 2145 1995 tot
2170 1963 2227 1995 ac
2249 1947 2392 1995 tantis
2413 1945 2672 1993 secundum
2698 1961 2835 1995 suam

1764 2013 2017 2061 vanitatem
2041 2012 2304 2059 homicidiis
2336 2011 2520 2059 alienis.
2556 2009 2645 2072 (de
2672 2011 2835 2072 Haer.)

1762 2077 1863 2124 Vos
1880 2086 2117 2125 cessantes
2136 2075 2397 2139 expectatis
2418 2076 2525 2137 quis
2546 2072 2835 2123 Auditorum

1761 2148 2015 2189 vestrorum
2040 2149 2225 2205 propter
2247 2156 2327 2187 vos
2356 2141 2619 2203 pascendos
2638 2140 2838 2187 cultello

1764 2205 1835 2253 vel
1860 2205 2079 2254 falcicula
2101 2213 2307 2252 armatus
2327 2204 2377 2252 in
2401 2204 2583 2252 hortum
2605 2203 2838 2269 prosiliat,

1769 2269 2006 2318 homicida
2053 2269 2419 2325 cucurbitarum,
2460 2284 2657 2331 quarum
2702 2269 2837 2316 vobis

1769 2334 1951 2391 offerat,
1991 2334 2159 2381 mirum
2195 2333 2343 2388 dictu,
2376 2334 2483 2381 viva
2516 2332 2840 2382 cadavera.—

1771 2400 1869 2446 Eas
1900 2414 2009 2447 cum
2050 2398 2283 2462 decerpsit
2309 2407 2458 2446 vester
2488 2398 2711 2454 Auditor,
2732 2412 2838 2445 reus

1771 2462 1923 2511 sactus
1943 2471 2031 2519 est,
2055 2472 2211 2512 vestra
2231 2462 2528 2527 indulgentia
2547 2461 2839 2511 liberandus.

1769 2542 1813 2576 c.
1838 2528 1995 2576 Faust.
2020 2527 2079 2577 vi.
2110 2530 2157 2575 4.

1836 2598 1863 2637 P
1898 2593 2059 2658 Ipsam
2093 2600 2271 2657 partem
2312 2601 2493 2641 naturae
2533 2591 2625 2639 Dei
2672 2591 2843 2639 dicunt

1770 2656 1946 2720 ubique
1969 2658 2244 2721 permixtam
2269 2657 2318 2705 in
2338 2657 2489 2709 caelis,
2513 2655 2560 2703 in
2580 2656 2735 2710 terris,
2748 2656 2840 2704 sub

1772 2722 1921 2778 terris,
1952 2721 2003 2768 in
2040 2722 2258 2769 omnibus
2300 2720 2588 2785 corporibus,
2621 2721 2765 2768 siccis
2792 2728 2841 2767 et

1773 2784 1995 2840 humidis,
2032 2785 2083 2832 in
2119 2786 2335 2833 omnibus
2370 2786 2611 2843 carnibus,
2650 2786 2701 2831 in
2738 2800 2839 2831 om-

1771 2848 1911 2898 nibus
1966 2849 2223 2897 seminibus
2276 2851 2510 2904 arborum,
2567 2849 2840 2903 herbarum,

1770 2913 2029 2971 hominum,
2064 2913 2365 2962 animalium:
2400 2928 2493 2961 non
2524 2913 2739 2977 potentia
2768 2913 2843 2961 di·

1771 2978 1978 3027 vinitatis
2028 2979 2131 3027 sine
2186 2978 2286 3028 ullo
2336 2994 2461 3027 nexu
2510 2977 2841 3042 incoinquina-

1770 3042 1945 3099 biliter,
2011 3041 2363 3096 inviolabiliter,
2422 3042 2844 3107 incorruptibiliter

1770 3109 1988 3156 omnibus
2042 3108 2181 3156 rebus
2234 3106 2617 3155 administrandis
2670 3122 2842 3169 regen-

1770 3171 1938 3235 disque
1982 3180 2283 3235 praesentem,
2326 3171 2454 3235 quod
2497 3186 2582 3219 nos
2621 3170 2684 3220 de
2732 3172 2845 3219 Deo

1772 3235 2001 3294 dicimus;
2048 3237 2133 3287 sed
2166 3235 2383 3298 ligatam,
2412 3250 2702 3300 oppressam,
2738 3237 2843 3300 pol·

1772 3299 1941 3355 lutam,
1980 3316 2123 3364 quam
2173 3301 2310 3354 solvi,
2359 3300 2565 3353 liberari.
2627 3300 2845 3363 purgari·

1772 3380 1865 3428 que
1907 3364 2088 3420 dicunt,
2124 3380 2217 3412 non
2262 3367 2413 3414 solum
2458 3380 2542 3429 per
2574 3365 2843 3413 discursum

1774 3429 1885 3476 solis
1920 3439 1969 3478 et
2000 3430 2146 3484 lunae,
2184 3438 2233 3477 et
2270 3430 2463 3479 virtutes
2500 3428 2635 3484 lucis,
2680 3444 2843 3477 verum

1774 3495 1915 3541 etiam
1956 3510 2039 3556 per
2076 3494 2267 3543 Electos
2302 3510 2429 3543 suos.
2514 3494 2607 3541 Per
2650 3494 2847 3543 Electos

1775 3566 1933 3605 autem
1966 3573 2075 3607 suns
2099 3559 2289 3620 purgari
2319 3559 2484 3607 dicunt
2514 3558 2731 3606 eamdem
2770 3559 2845 3624 ip·

1774 3638 1875 3669 sam
1934 3622 2236 3671 commixtam
2290 3633 2473 3689 partem
2520 3638 2576 3670 ac
2622 3632 2843 3671 naturam

1776 3686 1887 3740 Dei,
1924 3687 2258 3735 manducando
2294 3688 2475 3736 scilicet
2514 3696 2565 3735 et
2605 3688 2844 3736 bibendo:

1775 3752 1888 3815 quia
1931 3766 2037 3799 eam
2071 3751 2121 3798 in
2156 3752 2392 3800 alimentis
2422 3751 2642 3800 omnibus
2674 3751 2849 3800 dicunt

1774 3816 1971 3879 ligatam
2016 3816 2190 3876 teneri;
2247 3832 2353 3881 quae
2398 3832 2505 3865 cum
2544 3817 2604 3863 ab
2639 3815 2847 3875 Electis,

1775 3880 1905 3927 velut
1958 3882 2150 3937 sanctis,
2197 3881 2246 3928 in
2289 3881 2591 3930 refectionem
2636 3882 2849 3944 corporis

1774 3945 2109 3993 manducando
2160 3954 2209 3993 et
2261 3945 2469 3994 bibendo
2522 3953 2846 4001 assumuntur,

1776 4024 1859 4071 per
1888 4024 2047 4057 eorum
2082 4010 2379 4058 sanctitatem
2415 4009 2547 4064 solvi,
2583 4008 2763 4071 signari
2798 4020 2848 4057 et

1777 4072 1984 4122 liberari.
2060 4074 2190 4137 Aug.
2224 4074 2287 4123 de
2326 4074 2445 4123 Nat.
2476 4074 2587 4121 boni
2620 4089 2665 4123 c.
2704 4075 2846 4124 Man.

1777 4153 1819 4185 c.
1858 4140 1939 4186 44.
2022 4138 2186 4203 Ipsam
2222 4138 2331 4187 vero
2364 4138 2473 4187 boni
2508 4138 2538 4185 ἃ
2568 4138 2697 4187 malo
2731 4153 2845 4205 pur-

1778 4202 2016 4265 gationem
2058 4218 2115 4251 ac
2158 4202 2504 4259 liberationem,
2550 4218 2643 4250 non
2688 4202 2846 4250 solum

1777 4282 1859 4330 per
1894 4274 2045 4314 totum
2082 4267 2311 4315 mundum
2332 4266 2460 4315 etde
2488 4267 2710 4315 omnibus
2742 4268 2847 4331 ejus

1778 4331 2028 4379 elementis
2071 4332 2268 4380 virtutes
2313 4332 2409 4380 Dei
2453 4333 2607 4379 facere
2658 4330 2846 4389 dicunt,

1779 4411 1937 4443 verum
1958 4395 2102 4443 etiam
2139 4398 2331 4445 Electus
2362 4412 2471 4443 suos
2501 4412 2585 4461 per
2620 4394 2847 4443 alimenta

1776 4475 1883 4523 quae
1912 4469 2122 4509 sumunt.
2190 4462 2253 4509 Et
2284 4463 2352 4510 eis
2382 4459 2557 4525 quippe
2588 4461 2845 4515 alimentis,

1778 4524 1899 4573 sicut
1929 4524 2145 4574 universo
2166 4526 2361 4581 mundo,
2401 4526 2496 4574 Dei
2530 4525 2846 4574 substantiam
