3042 5059
657 392 738 450 34
1205 385 1270 447 S.
1319 383 1835 447 AUGUSTINI
1882 384 2302 447 EPISCOPI

751 545 846 602 ll.
897 540 1030 604 Ubi
1077 560 1228 621 ergo
1277 538 1436 603 mihi
1484 549 1636 605 tunc
1690 559 1849 617 eras,
1892 547 1959 601 et
2004 560 2198 623 quam
2242 536 2479 619 longe?
2541 538 2631 600 Et
2673 539 2869 619 longe

655 643 1105 727 peregrinabar
1135 643 1250 705 abs
1280 650 1365 717 te,
1397 643 1701 705 exclusus
1740 649 1806 703 et
1842 662 1883 705 a
1924 640 2174 724 siliquis
2202 660 2561 723 porcorum,
2592 660 2760 723 quos
2790 636 2871 699 de

412 752 541 806 tue.
564 758 638 811 15,
660 743 910 828 siliquis
938 743 1302 826 pascebam.
1394 742 1653 815 Quanto
1692 741 1863 805 enim
1898 741 2193 804 meliores
2220 741 2776 821 grammaticorum
2806 747 2871 802 et

423 820 502 869 ¹⁶·
659 852 993 928 poetarum
1019 843 1292 919 fabellae,
1316 863 1508 925 quam
1538 843 1652 907 illa
1681 840 2015 925 decipula!
2076 843 2246 905 Nam
2279 862 2495 905 versus
2522 849 2587 903 et
2614 861 2873 905 carmen

662 956 726 1011 et
753 944 990 1009 Medea
1017 946 1243 1007 volans
1272 942 1559 1006 utiliores
1590 950 1779 1020 certe,
1803 964 1996 1027 quam
2028 943 2313 1025 quinque
2332 944 2675 1005 elementac
2697 941 2871 1003 varie

661 1048 894 1123 fucata,
922 1052 1183 1129 propter
1220 1044 1507 1128 quinque
1551 1053 1731 1107 antra
1768 1045 2190 1120 tenebrarum,
2221 1064 2367 1127 quae
2400 1043 2663 1105 omnino
2692 1044 2873 1105 1111110

664 1156 832 1225 sunt,
862 1155 929 1210 et
954 1145 1260 1210 occidunt
1297 1143 1675 1208 credentem.
1768 1146 1937 1207 Nam
1982 1165 2232 1207 versum
2272 1154 2337 1206 et
2378 1164 2633 1207 carmen
2678 1142 2873 1207 etiam

605 1280 616 1291 ·
663 1251 746 1315 ad
773 1271 922 1313 vera
949 1244 1316 1331 pulmenta*
1352 1247 1676 1311 transfero,
1779 1248 2113 1310 Volantem
2156 1255 2367 1310 autem
2405 1247 2709 1310 Medeam
2754 1247 2875 1309 etsi

665 1354 1020 1429 cantabam,
1049 1372 1180 1413 non
1211 1352 1606 1426 asserebam3
1653 1352 1773 1414 etsi
1814 1350 2055 1414 cantari
2097 1349 2457 1427 audiebam,
2484 1371 2613 1411 non
2656 1348 2873 1413 crede—

662 1455 846 1516 bam:
893 1453 1008 1515 illa
1035 1461 1246 1515 autem
1276 1451 1537 1515 credidi.
1614 1453 1753 1529 Vae,
1782 1449 1915 1514 vae!
1964 1452 2201 1534 quibus
2226 1449 2527 1532 gradibus
2549 1449 2871 1513 deductus

430 1572 568 1619 Prov.
588 1571 637 1625 9.
665 1575 805 1616 sum
833 1556 904 1615 in.
923 1552 1262 1635 profunda
1289 1554 1492 1635 inferi
1512 1550 1546 1611 52
1596 1551 1856 1634 Quippe
1885 1552 2183 1615 laborans
2224 1561 2289 1615 et
2332 1559 2609 1615 aestuans
2650 1550 2877 1632 inopia

432 1636 508 1683 ¹⁸·
666 1654 815 1731 veri,
837 1675 984 1717 cum
1014 1662 1096 1731 te,
1128 1651 1312 1717 Deus
1341 1672 1521 1715 meus
1556 1650 1698 1727 (tibi
1726 1652 1897 1715 enim
1930 1651 2258 1730 confiteor,
2282 1652 2395 1735 qui
2416 1673 2519 1714 me
2541 1651 2878 1714 miseratus

665 1779 734 1821 es
762 1765 828 1819 et
851 1756 1138 1818 nondum
1178 1756 1637 1836 confitentem),
1666 1776 1814 1818 cum
1846 1763 1908 1817 te
1937 1776 2067 1816 non
2100 1753 2451 1819 secundum
2480 1755 2877 1817 intellectum

664 1858 918 1935 mentiS,
937 1879 1064 1941 quo
1095 1878 1196 1919 me
1226 1865 1527 1939 praestare
1556 1857 1815 1920 voluisti
1834 1856 2087 1933 belluis,
2112 1855 2226 1919 sed
2244 1854 2594 1921 secundum
2614 1876 2879 1917 sensum

669 1960 878 2022 carnis
907 1979 1273 2042 quaererem.
1363 1958 1467 2019 Tu
1497 1964 1707 2020 autem
1739 1977 1876 2020 eras
1914 1957 2175 2019 interior
2208 1950 2439 2019 intimo
2466 1948 2645 2033 1000,
2676 1964 2745 2018 01
2774 1976 2877 2017 su-

667 2059 884 2141 perior·
921 2079 1167 2121 summo
1207 2080 1351 2121 meo
1367 2056 1410 2119 ¹¹.
1501 2057 1761 2121 Offendi
1800 2055 2015 2121 illam*
2050 2058 2378 2121 mulierem
2418 2056 2751 2134 audacem,
2780 2058 2878 2119 in-

671 2181 859 2243 opem
900 2157 1278 2242 prudentiae,
1319 2159 1600 2241 aenigma
1644 2159 2026 2237 SalomoniS,
2063 2158 2386 2222 sedentem
2426 2179 2617 2242 super
2654 2159 2881 2221 sellam

433 2281 574 2328 Prov.
601 2280 654 2338 9,
668 2262 737 2324 in
793 2260 1059 2338 foribuS,
1107 2268 1172 2322 et
1219 2259 1571 2323 dicentem:
1646 2261 1859 2322 Panes
1914 2262 2191 2323 occultos
2247 2259 2520 2324 libenter
2568 2261 2766 2338 edite,
2816 2266 2879 2321 et

435 2346 639 2394 13-17,
667 2384 908 2447 aquam
949 2360 1197 2425 dulcem
1219 2362 1555 2444 furtivam
1601 2360 1813 2423 bibite.
1902 2361 2063 2431 Quae
2108 2382 2211 2424 me
2254 2361 2536 2438 seduxit,
2578 2361 2735 2445 quia
2781 2362 2879 2423 in-

670 2465 846 2528 venit
872 2464 1025 2527 foris
1055 2463 1452 2526 habitantem
1495 2462 1564 2522 in
1603 2462 1789 2523 oculo
1830 2461 2038 2525 carnis
2068 2484 2247 2540 meae,
2279 2471 2345 2525 et
2372 2462 2527 2527 talia
2554 2464 2891 2526 ruminan-

669 2575 807 2631 tem'
825 2567 1000 2649 apud
1025 2588 1149 2642 me,
1180 2566 1396 2650 qualia
1423 2586 1539 2647 per
1565 2563 1789 2627 illum*
1822 2586 2159 2629 vorassem.

762 2672 858 2729 12.
907 2668 1294 2731 Nesciebam
1327 2667 1499 2730 enim
1529 2666 1707 2729 aliud
1733 2686 1879 2729 vere
1911 2665 2086 2750 quod
2121 2674 2254 2743 est,
2300 2674 2365 2729 et
2402 2666 2586 2750 quasi
2624 2667 2885 2729 acutule

435 2756 625 2868 ffffi'jj
675 2768 976 2831 movebar
1002 2775 1073 2831 ut
1103 2770 1476 2848 suffragarer
1505 2766 1716 2830 stultis
1755 2765 2227 2850 deceptoribuS,
2258 2788 2407 2831 cum
2436 2790 2477 2831 a
2503 2789 2606 2830 me
2637 2788 2885 2851 (1οω10-

435 2884 640 2934 nichaeo·
673 2880 814 2932 rent
841 2869 1011 2933 unde
1041 2870 1280 2933 malum
1298 2868 1358 2932 ‘?
1407 2878 1472 2932 et
1499 2876 1712 2932 utrum
1734 2867 1935 2931 forma
1958 2889 2261 2950 corporea
2289 2869 2473 2931 Deus
2502 2867 2795 2930 finiretur
2824 2876 2891 2930 et

390 2660 394 2663 ’
486 2691 609 2740 vu.

739 3028 764 3053 e
796 3021 944 3070 Juxta
977 3036 1123 3068 11110111
1157 3019 1267 3069 vet-6
1305 3028 1482 3084 partem
1517 3034 1576 3067 00
1616 3018 1739 3067 latus
1802 3034 1952 3077 mum,
1984 3019 2199 3069 novimus
2234 3018 2373 3068 etiam
2410 3018 2651 3077 animalia,
2689 3034 2885 3085 serpen-

673 3083 860 3135 illustris
881 3086 1006 3133 illius
1025 3100 1083 3133 ac
1105 3093 1282 3133 sancto
1315 3094 1448 3133 terrae
1479 3093 1583 3133 erat
1613 3091 1741 3133 tene-

673 3151 861 3199 brarum
889 3159 1011 3198 terra
1043 3149 1274 3215 profunda
1295 3157 1341 3197 et
1361 3148 1586 3197 immensa
1612 3163 1742 3212 mag-

675 3214 899 3267 nitudine.
913 3214 958 3261 in
978 3229 1074 3278 qua
1088 3213 1368 3261 habitabant
1383 3213 1517 3276 ignea
1531 3228 1743 3277 corpora,

675 3294 846 3342 genera
889 3277 1066 3327 scilicet
1108 3277 1336 3343 pestifera.
1409 3277 1497 3325 Hic
1553 3277 1742 3325 infinite

674 3344 898 3399 tenebrae,
920 3358 978 3389 ex
1010 3342 1171 3389 eadem
1204 3349 1447 3389 manantes
1476 3349 1643 3390 natura
1670 3341 1744 3389 in·

676 3404 972 3455 aestimabiles
1011 3421 1120 3454 cum
1164 3404 1358 3471 propriis
1396 3406 1581 3461 fetibus,
1622 3406 1747 3455 ultra

676 3486 795 3535 quas
816 3478 950 3519 erant
969 3485 1105 3533 aquae
1128 3485 1326 3519 caenosae
1344 3486 1400 3519 00
1416 3470 1617 3519 turbidae
1634 3486 1743 3518 cum

585 3558 594 3567 ·
675 3534 771 3583 suis
834 3533 1238 3589 inhabitatoribus,
1296 3551 1495 3600 quarum
1559 3534 1749 3583 interius

676 3598 801 3648 venti
831 3598 1075 3647 horribiles
1105 3614 1161 3647 00
1194 3598 1488 3647 vehementes
1521 3614 1631 3647 cum
1664 3615 1748 3647 suo

679 3662 887 3738 principe
925 3670 972 3711 et
1010 3662 1308 3727 genitoribus.
1374 3664 1584 3712 Rursum
1624 3662 1748 3727 reg-io

677 3742 816 3791 ignea
838 3736 886 3775 et
906 3743 1040 3776 corru
1075 3727 1215 3775 tibilis
1235 3744 1342 3776 011111
1367 3728 1460 3776 suis
1481 3726 1682 3776 ducibus
1702 3736 1749 3776 et

678 3791 961 3840 nationibus.
1071 3792 1138 3839 ari
1183 3807 1309 3840 more
1348 3792 1592 3840 introrsum
1631 3808 1744 3856 gens

679 3853 892 3921 caliginis
911 3871 968 3904 00
993 3855 1108 3906 fumi
1127 3856 1284 3921 plena,
1298 3856 1348 3903 in
1365 3872 1462 3921 qua
1477 3858 1747 3906 morabatur

678 3920 892 3969 immanis
900 3919 1122 3995 princeps
1136 3919 1343 3969 omnium
1367 3930 1413 3969 01
1431 3922 1549 3980 dux,
1569 3920 1747 3970 habens

679 3986 807 4033 circa
827 4001 875 4034 se
897 3985 1262 4034 innumerabiles
1277 3985 1528 4051 principes,
1547 4001 1745 4051 quorum

680 4049 886 4097 omnium
911 4049 1008 4114 ipse
1028 4058 1129 4098 erat
1143 4065 1275 4099 mens
1294 4057 1434 4113 atque
1455 4050 1581 4113 origo
1602 4069 1613 4098 t
1650 4049 1747 4098 1101-

680 4130 772 4177 (1110
796 4114 984 4163 suerunt
1006 4122 1183 4163 naturae
1206 4113 1411 4177 quinque
1443 4123 1576 4162 terrae
1611 4114 1746 4179 pesti-

681 4178 806 4226 ferae.
821 4176 1038 4226 Manich.
1056 4194 1136 4243 ap.
1153 4180 1279 4243 Aug.
1296 4195 1338 4227 0.
1361 4180 1452 4243 Ep.
1467 4178 1747 4234 Manichaei,

681 4258 723 4291 0.
770 4245 844 4292 15.
919 4243 1142 4307 Quinque
1183 4252 1318 4291 antra
1349 4243 1496 4307 gentis
1532 4244 1745 4291 tenebra·

679 4323 780 4355 rum
829 4323 938 4355 cum
983 4308 1079 4356 suis
1115 4307 1448 4356 habitatoribus
1487 4307 1537 4355 in
1576 4307 1747 4367 quibus

681 4370 939 4420 Manichaei
962 4371 1288 4437 phantasmata
1309 4371 1510 4420 veritatis
1542 4371 1629 4420 sibi
1664 4388 1746 4420 no·

679 4452 788 4484 men
810 4451 924 4484 ausa
944 4444 1054 4485 sunt
1073 4452 1298 4501 usurpare
1321 4436 1413 4500 (ib.
1437 4437 1593 4496 c.18.)
1619 4436 1748 4485 novi-

1805 3083 1886 3141 tia,
1923 3087 2147 3142 natantia,
2182 3084 2387 3133 volantia
2426 3084 2772 3150 quadrupedia,
2808 3083 2881 3133 bi-

1806 3148 1963 3214 pedia,
2001 3149 2093 3214 (ib.
2127 3166 2172 3198 c.
2206 3149 2315 3211 31.)
2385 3149 2610 3215 Quinque
2650 3149 2889 3198 elementa

1806 3228 1915 3278 (11110
1949 3223 2209 3278 genuerunt
2244 3213 2473 3280 principes
2504 3213 2731 3279 proprios,
2762 3213 2891 3277 genti

1806 3278 2018 3326 tribuunt
2037 3280 2331 3327 tenebrarum
2350 3298 2363 3335 ;
2400 3294 2549 3342 eaque
2566 3279 2806 3327 elementa
2821 3277 2894 3325 his

1809 3341 2075 3391 nominibus
2104 3350 2397 3408 nuncupant,
2425 3341 2625 3398 sumum,
2650 3344 2890 3400 tenebras,

1808 3406 1984 3470 ignem,
2018 3422 2047 3454 a
2080 3422 2211 3463 uam,
2234 3416 2441 3456 ventum.
2508 3408 2567 3455 In
2601 3406 2737 3455 firmo
2772 3416 2889 3455 nata

1811 3471 2033 3519 animalia
2100 3471 2273 3537 ipedia‚
2307 3473 2431 3521 unde
2465 3470 2678 3520 homines
2711 3472 2891 3520 ducere

1812 3536 2033 3599 originem
2069 3545 2275 3593 censent,
2318 3536 2367 3584 in
2398 3535 2598 3584 tenebris
2631 3536 2893 3599 serpentia,

1811 3599 1862 3647 in
1886 3600 1991 3664 igne
2043 3600 2349 3666 uadrupedia‚
2373 3599 2420 3647 in
2453 3600 2588 3664 aquis
2611 3599 2815 3657 natalia,
2844 3600 2895 3647 in

1811 3673 1950 3713 vento
1971 3681 2029 3713 vo
2051 3664 2194 3713 atilia.
2230 3666 2289 3713 de
2314 3664 2496 3713 Haeres.
2518 3681 2566 3713 0.
2587 3666 2668 3713 46.

1879 3728 1904 3765 d
1940 3728 2054 3776 vid.
2078 3730 2135 3777 L.
2162 3729 2241 3777 vii.
2266 3745 2312 3777 0.
2339 3730 2417 3777 10.
2453 3729 2510 3777 L.
2534 3745 2581 3776 x.
2604 3745 2651 3777 c.
2677 3730 2727 3775 7.

1872 3798 1895 3826 e
1918 3794 2085 3842 Euon.
2109 3793 2203 3841 Dic
2220 3793 2334 3841 mihi
2350 3792 2473 3841 unde
2486 3794 2611 3841 male
2630 3792 2901 3841 faciamus?

1825 3858 1959 3907 Auo.
1992 3859 2109 3905 Eam
2137 3856 2441 3922 quaestionem
2461 3873 2637 3911 moves,
2671 3872 2786 3921 quae
2822 3873 2899 3904 me

1808 3922 2059 3972 admodum
2078 3922 2420 3971 adolescentem
2437 3920 2743 3970 vehementer
2761 3937 2898 3969 exer-

1811 3988 1925 4043 cuit,
1963 3996 2011 4035 et
2052 3985 2294 4051 fatigatum
2332 3985 2381 4033 in
2423 3984 2665 4035 haereticos
2703 3985 2899 4050 impulit

1813 4060 1953 4116 atque
1970 4049 2158 4115 dejecit.
2216 4052 2325 4108 Quo
2344 4065 2457 4098 casu
2472 4050 2537 4098 ita
2552 4067 2656 4099 sum
2668 4049 2898 4107 afflictus,

1812 4124 1859 4164 et
1890 4116 2028 4164 tantis
2070 4116 2265 4163 obrutus
2296 4113 2475 4163 acervis
2510 4114 2723 4163 inanium
2757 4114 2900 4162 sabu-

1810 4181 1982 4234 larum,
2007 4188 2059 4228 ut
2078 4179 2163 4228 nisi
2197 4178 2312 4227 mihi
2345 4194 2474 4227 amor
2507 4177 2781 4228 inveniendi
2802 4178 2900 4227 veri

1811 4261 1946 4309 opem
1999 4244 2203 4293 divinam
2261 4243 2612 4308 impetravisset,
2654 4258 2902 4308 emergere

1809 4309 1933 4366 inde,
1966 4318 2106 4374 atque
2142 4308 2191 4357 in
2227 4307 2373 4373 ipsam
2415 4307 2612 4373 primam
2647 4306 2903 4373 quaerendi

1813 4373 2071 4421 libertatem
2109 4372 2331 4438 respirare
2376 4387 2471 4420 non
2509 4388 2713 4439 possem.
2767 4372 2903 4436 Aug.

1812 4437 1872 4487 de
1891 4438 2001 4487 Lib.
2025 4437 2176 4487 Arbit.
2198 4438 2233 4488 l.
2253 4437 2288 4487 i.
2312 4453 2358 4487 c.
2379 4438 2431 4485 2.

685 4516 788 4548 mus
819 4500 1050 4555 tenebras,
1084 4515 1248 4564 aquas,
1281 4508 1456 4556 ventos,
1481 4500 1654 4565 ignem,
1674 4500 1748 4549 fu·
1846 4563 1851 4570 .
