3042 5059
1080 328 1553 395 MONITUM.
2361 337 2428 399 ix

212 505 570 591 saepissime
598 524 757 569 vero
787 525 895 569 eas
930 502 1244 568 lectiones
1285 501 1550 579 habent,
1584 524 1745 588 quas
1778 503 2211 585 Benedictini,
2242 516 2428 573 tanto

209 616 625 702 supellectile
663 616 926 691 muniti,
962 615 1028 677 in
1060 620 1103 650 ‘⁸
1138 611 1330 678 codd.
1375 614 1881 699 antiquissimis”
1912 615 2019 681 vel
2052 625 2095 654 ‘⁸
2128 616 2431 703 optimis”

209 735 471 789 exstare
499 726 720 790 testati
751 732 926 788 sunt.

303 838 479 901 Cum
541 835 749 902 Codd.
809 858 968 922 ergo
1019 837 1222 913 ABC,
1277 858 1440 921 quos
1500 857 1617 921 per
1675 835 2198 902 benevolentiam
2255 837 2430 903 Prae-

207 944 540 1011 fectorum
593 956 660 1011 et
704 947 1044 1012 Sociorum
1089 943 1345 1031 Colleg.
1383 944 1827 1009 Mertonensis
1883 954 1952 1010 et
1994 945 2191 1010 AEnei
2246 945 2428 1024 Nasi,

209 1056 383 1120 mihi
427 1056 609 1122 domi
648 1058 888 1123 habere
927 1057 1138 1134 licuit,
1171 1057 1531 1121 amicorum
1566 1056 1911 1143 juniorum
1952 1080 2075 1144 ope
2115 1057 2429 1136 adhibita,

207 1176 473 1232 textum
521 1168 1024 1235 confessionum
1070 1192 1111 1235 a
1155 1170 1366 1255 capite
1427 1166 1509 1233 ad
1570 1168 1816 1233 calcem
1875 1169 2169 1246 contuli;
2237 1170 2430 1236 codd.

209 1299 374 1342 vero
417 1279 573 1359 DE,
613 1302 775 1366 quos
819 1302 952 1345 non
998 1280 1123 1343 nisi
1168 1280 1236 1343 in
1279 1278 1691 1344 Bibliotheca
1732 1278 2095 1345 Bodleiana
2132 1281 2431 1346 conferre

209 1387 425 1468 licuit,
459 1401 804 1478 postquam
846 1414 1074 1457 eorum
1117 1390 1400 1456 indolem
1441 1391 1598 1455 satis
1630 1391 2129 1477 exploraverim,
2163 1392 2242 1457 iis
2281 1402 2429 1458 tan-

209 1510 358 1565 tum
391 1503 461 1566 in
493 1502 675 1581 locis,
708 1503 884 1569 haud
913 1503 1137 1589 paucis
1167 1523 1344 1579 sane,
1376 1501 1654 1587 inspexi,
1680 1501 1791 1566 ubi
1822 1501 2012 1568 codd.
2034 1502 2177 1589 jam
2208 1502 2429 1569 collati

209 1614 391 1677 inter
429 1636 499 1678 se
531 1614 1000 1701 discreparunt.
1091 1613 1299 1678 Lectt.
1331 1633 1529 1697 porro
1559 1611 1749 1676 Varr.
1781 1613 2055 1698 minoris
2099 1634 2291 1699 saepe,
2321 1613 2430 1678 vel

209 1722 466 1787 nullius
511 1723 671 1802 fere,
702 1723 1015 1788 momenti
1061 1722 1308 1798 notavi,
1339 1743 1473 1807 quo
1517 1720 1707 1786 codd.
1754 1730 2127 1787 nostrorum
2174 1722 2429 1788 indoles

212 1832 456 1897 melius
477 1834 948 1907 innotesceret3
996 1832 1338 1897 verborum
1371 1840 1584 1895 autem
1610 1829 1931 1909 ordinem,
1952 1852 2148 1916 quem
2172 1832 2430 1917 Augus-

213 1943 394 2006 tinus
456 1940 759 2005 subtilem
819 1949 886 2005 et
942 1940 1245 2005 limatum
1296 1940 1619 2027 imprimis
1679 1939 1970 2018 adhibet,
2028 1949 2257 2026 utpote
2316 1943 2429 2027 qui

215 2053 480 2117 Rhetor
522 2051 680 2116 olim
727 2049 925 2114 fuerit
969 2058 1036 2113 et
1067 2055 1110 2087 “
1136 2050 1342 2114 acutis
1387 2047 1688 2113 auribus”
1718 2048 2052 2134 praeditus,
2094 2051 2313 2130 tacite,
2344 2074 2429 2117 ne

213 2161 415 2227 taedio
445 2162 616 2227 foret
644 2161 874 2227 crebra
909 2159 1147 2224 harum
1191 2160 1618 2223 minutiarum
1660 2157 2016 2238 adnotatiO,
2050 2159 2134 2225 ad
2174 2183 2429 2226 eorum-

214 2274 370 2339 dem
415 2274 617 2339 fidem
669 2273 1035 2338 immutavi.
1117 2270 1474 2336 Immutavi
1522 2280 1766 2347 autem,
1821 2293 1993 2350 cum,
2042 2274 2163 2336 etsi
2214 2273 2428 2337 minu-

213 2398 361 2451 tum
398 2388 504 2464 sit,
539 2409 730 2451 suum
769 2395 993 2450 tamen
1038 2384 1274 2449 habeat
1318 2382 1635 2469 leporem.
1727 2381 1945 2469 Opere
1975 2406 2130 2449 vero
2159 2386 2303 2472 jam
2344 2385 2427 2450 ad

211 2497 418 2562 finem
451 2495 789 2582 perductO,
821 2494 1056 2559 merita
1083 2493 1388 2558 editionis
1422 2492 1872 2559 Benedictinae
1917 2492 2079 2559 adeo
2119 2516 2253 2558 non
2298 2495 2427 2560 ele-

211 2628 371 2671 vare
428 2605 692 2683 vellem,
752 2612 828 2668 ut
885 2624 1207 2689 nequeam
1266 2625 1399 2667 non
1458 2601 1770 2667 admirari
1830 2624 2150 2667 summam
2202 2603 2424 2684 fidem,

211 2714 650 2801 diligentiam,
696 2737 994 2791 acumen,
1040 2736 1186 2799 quae
1230 2712 1298 2776 in
1347 2733 1425 2776 ea
1471 2710 1943 2789 concinnanda,
1988 2711 2431 2780 adhibuerunt

216 2825 535 2891 Monachi
567 2823 980 2889 Benedictini
995 2832 1035 2887 ³.

305 2936 608 3014 NotulaS,
657 2957 817 3022 quas
861 2935 1069 2999 textui
1115 2933 1531 3020 subjecimuS‚
1578 2931 1772 2997 utiles
1816 2933 1957 2998 fore
2000 2935 2424 3020 speravimuS,

217 3047 392 3134 quod
452 3048 806 3134 Augustini
858 3054 1149 3110 mentem
1209 3042 1482 3107 subinde
1536 3042 1795 3129 plenius
1846 3042 2275 3124 declararent,
2320 3046 2428 3112 vel

216 3180 356 3222 rem
388 3158 699 3243 aliquam,
721 3178 917 3243 quam
938 3156 1006 3219 in
1027 3153 1563 3218 Confessionibus
1592 3152 1803 3217 obiter
1830 3160 2089 3216 tantum
2114 3155 2427 3241 tetigerit,

218 3268 587 3353 expressius
615 3274 996 3345 tractarent,
1028 3264 1134 3329 vel
1173 3285 1255 3328 ex
1291 3262 1420 3329 alia
1462 3261 1748 3350 quadam
1792 3272 1979 3348 parte
2023 3274 2175 3330 ante
2205 3266 2429 3332 oculos

217 3381 544 3445 sisterent.
635 3378 766 3443 Eas
811 3386 1030 3442 autem
1077 3399 1157 3441 ex
1201 3376 1487 3441 editione
1516 3376 1616 3439 M.
1655 3375 1906 3441 Dubois
1952 3376 2185 3457 (Paris.
2221 3380 2423 3465 1776)

216 3491 572 3555 maximam
618 3497 869 3575 partem
916 3486 1294 3572 desumptas
1339 3506 1502 3563 esse,
1549 3486 1690 3571 jam
1737 3484 2059 3563 diximus3
2109 3487 2423 3573 quasdam

216 3602 336 3687 ipsi
369 3601 751 3688 adjecimus»,
782 3599 1090 3675 maxime,
1123 3619 1268 3683 quae
1298 3595 1381 3661 ad
1414 3596 1933 3661 Manichaeorum
1976 3598 2251 3663 haercsin
2282 3622 2427 3686 per-

215 3714 450 3777 tinent.
546 3712 805 3796 Ubique
845 3717 1064 3773 autem
1111 3707 1244 3771 fere
1276 3707 1474 3771 verba
1501 3707 1704 3792 ipsius
1733 3708 2087 3793 Augustini
2132 3710 2426 3776 adhibui-

218 3847 385 3902 mus,
419 3832 560 3888 tum
595 3844 678 3887 ne
708 3831 934 3886 nostra
961 3842 1108 3885 cum
1142 3820 1345 3906 ipsius
1371 3818 1711 3883 sententiis
1736 3820 2005 3884 miscere
2037 3822 2424 3905 quibusdam

217 3934 613 4007 videremur,
635 3942 778 3996 tum
804 3952 960 3995 vero
984 3928 1156 4015 quod
1188 3929 1326 4015 ipse
1356 3950 1584 3993 sensus
1606 3950 1756 3992 suos
1788 3930 1995 4014 magis
2020 3930 2234 3995 vivide
2258 3944 2426 3997 esset

281 4199 304 4226 e
337 4191 552 4240 Iudicem
597 4206 748 4239 rerum
803 4189 962 4237 itidem
1014 4202 1075 4235 ex
1121 4186 1287 4235 Indice
1352 4200 1514 4234 sanum
1542 4184 1713 4248 ubique
1730 4181 1964 4247 judicium
1983 4186 2424 4252 exercuerit,pauca

222 4257 528 4307 Benedictino
583 4254 820 4319 excerpsit
871 4252 1082 4303 Clericus
1130 4251 1287 4315 junior
1350 4251 1588 4314 quaedam,
1612 4249 1766 4296 minus
1800 4258 1925 4295 recte
1960 4249 2125 4313 posita,
2153 4254 2421 4309 correxerit,

220 4338 246 4369 ο
279 4324 500 4385 timeque
537 4320 641 4385 spei
673 4319 723 4368 J.
751 4319 817 4367 A.
850 4317 1122 4375 Ashworth,
1156 4316 1286 4364 A.B.
1349 4316 1441 4363 alia
1463 4315 1604 4365 etiam
1626 4315 1685 4363 de
1706 4329 1791 4362 suo
1813 4312 2058 4363 addiderit.

225 4340 356 4436 AEdis
387 4386 566 4436 Christi
606 4384 916 4449 Capelianus,
951 4382 1018 4431 ita
1047 4389 1208 4431 tamen
1234 4389 1285 4429 ut
