3042 5059
657 422 784 481 232
1221 422 1286 485 S.
1317 422 1835 487 AUGUSTINI
1882 423 2299 488 EPISCOPI

653 579 848 651 retur,
897 595 1028 659 quo
1085 577 1355 660 tempori
1385 576 1811 656 subderetur,
1868 599 2003 642 non
2058 579 2341 642 haberet.
2432 575 2565 642 Sed
2614 577 2747 640 hoc
2802 584 2889 639 ut

652 673 922 738 informe
979 684 1149 740 esset
1201 698 1336 740 non
1389 679 1727 763 reliquisti,
1783 681 2087 764 quoniam
2136 681 2345 744 fecisti
2400 688 2548 744 ante
2606 699 2883 742 omnem

653 773 846 851 diem,
873 777 946 838 in
969 777 1300 858 principio
1335 779 1571 840 coelum
1610 785 1677 841 et
1716 787 1984 859 terram,
2013 781 2155 844 haec
2196 779 2330 842 duo
2368 799 2515 863 quae
2546 777 2879 842 dicebam.

659 875 858 938 Terra
887 884 1107 940 autem
1135 875 1480 940 invisibilis
1503 886 1649 942 erat
1690 887 1755 944 et
1792 882 2235 961 incomposita,
2263 887 2327 943 et
2358 878 2631 942 tenebrae
2672 899 2883 958 super

651 977 966 1060 abyssum.
1054 979 1309 1052 Quibus
1350 982 1563 1045 verbis
1609 983 1969 1048 insinuatur
2010 984 2387 1063 informitas,
2430 990 2505 1046 ut
2550 979 2879 1063 gradatim

653 1079 1080 1162 excipiantur,
1111 1081 1225 1165 qui
1263 1081 1693 1148 omnimodam
1736 1085 1977 1168 speciei
2016 1084 2443 1168 privationem
2484 1103 2607 1145 nec
2650 1090 2879 1144 tamen

653 1177 736 1242 ad
761 1179 925 1242 nihil
953 1181 1428 1263 perventionem
1460 1183 1741 1265 cogitare
1779 1205 1909 1248 non
1946 1194 2242 1268 possunt,
2272 1184 2447 1248 unde
2483 1184 2671 1247 fieret
2710 1183 2877 1246 alte·

650 1303 790 1344 rum
829 1284 1086 1360 coelum,
1116 1291 1182 1347 et
1216 1294 1381 1349 terra
1417 1287 1694 1351 visibilis
1738 1297 1931 1373 atque
1978 1289 2356 1372 composita,
2396 1294 2463 1350 et
2503 1307 2681 1370 aqua
2724 1307 2879 1368 spe·

651 1384 847 1461 ciosa,
876 1395 943 1448 et
970 1385 1287 1470 quidquid
1319 1387 1628 1473 deinceps
1659 1391 1727 1453 in
1766 1393 2225 1455 constitutione
2253 1389 2450 1474 hujus
2476 1389 2708 1451 mundi
2736 1410 2883 1453 non

649 1485 788 1549 sine
819 1485 1049 1550 diebus
1077 1485 1317 1551 factum
1353 1493 1918 1565 commemoratum
1967 1493 2123 1576 quia
2158 1491 2316 1554 talia
2362 1497 2511 1553 sunt
2548 1497 2625 1553 ut
2660 1491 2735 1551 in
2776 1489 2882 1553 eis

647 1596 919 1668 agantur
959 1588 1438 1654 vicissitudines
1481 1600 1859 1678 temporum,
1904 1602 2165 1678 propter
2208 1593 2532 1657 ordinatas
2578 1613 2881 1656 commu·

647 1687 924 1752 tationes
951 1689 1308 1752 motionum
1339 1700 1533 1775 atque
1560 1693 1903 1758 formarum
1918 1701 1971 1757 ·“.

443 1793 598 1870 xm.
739 1795 838 1854 16.
884 1793 1036 1856 Hoc
1073 1793 1326 1856 interim
1366 1796 1573 1859 sentio
1613 1797 1797 1861 Deus
1841 1819 2043 1877 meuS,
2074 1817 2223 1861 cum
2260 1794 2453 1860 audio
2491 1796 2881 1880 loquentem

409 1857 633 1971 ἓξῖξέζθ
649 1892 1042 1974 scripturam
1081 1901 1278 1972 tuam,
1311 1896 1400 1957 In
1434 1899 1763 1979 principio
1786 1900 1963 1982 fecit
1992 1901 2177 1961 Deus
2202 1898 2437 1960 coelum
2467 1904 2531 1958 et
2563 1904 2815 1959 terram
2846 1917 2869 1955 .·

405 2002 608 2037 comme·
649 2000 825 2055 terra
863 1997 1084 2055 autem
1123 2001 1270 2056 erat
1307 1995 1651 2058 invisibilis
1686 2005 1751 2060 et
1786 1997 2232 2078 incomposita,
2261 2003 2327 2059 et
2366 1995 2639 2058 tenebrae
2668 2003 2875 2059 erant

408 2067 629 2165 affini.
645 2116 838 2176 super
891 2094 1209 2176 abyssum,
1249 2099 1470 2181 'neque
1530 2103 2153 2162 commemorantem‘
2184 2106 2380 2183 quoto
2396 2095 2424 2124 ⁸
2473 2097 2579 2160 die
2636 2097 2881 2161 feceris

406 2181 628 2293 cittlgcri-
644 2196 820 2278 haec.
899 2197 1008 2260 Sic
1051 2197 1304 2259 interim
1348 2200 1579 2276 senti0,
1622 2210 1883 2284 propter
1924 2201 2086 2265 illud
2130 2202 2365 2265 coelum
2410 2200 2582 2277 coeli,
2628 2200 2879 2262 coelum

406 2262 610 2386 gaal-'iq
647 2298 1100 2378 intellectuale,
1143 2301 1256 2363 ubi
1301 2310 1403 2365 est
1446 2303 1814 2368 intellectus
1855 2325 2045 2368 nosse
2090 2304 2301 2381 simul,
2345 2323 2479 2365 non
2522 2323 2610 2366 ex
2640 2310 2877 2382 parte,

427 2390 634 2487 gae-pao
646 2421 778 2464 non
821 2403 894 2463 in
938 2405 1298 2483 aeniqmate,
1325 2425 1458 2466 non
1495 2425 1619 2486 per
1650 2409 1979 2488 speculum
1999 2433 2021 2477 ‚⁰
2074 2406 2187 2470 sed
2230 2427 2317 2469 ex
2358 2413 2518 2483 toto,
2545 2405 2616 2467 in
2661 2405 2877 2467 mani-

407 2502 547 2551 Deu-
647 2501 984 2566 sectatione
998 2501 1050 2580 ““,
1075 2505 1266 2586 facie
1307 2505 1400 2570 ad
1433 2507 1689 2590 faciem
1710 2532 1730 2570 .·
1794 2530 1925 2571 non
1976 2508 2169 2572 modo
2220 2509 2370 2586 hoc,
2412 2507 2607 2571 modo
2657 2505 2877 2582 illud3

402 2569 582 2682 {ffiffl
648 2603 762 2667 sed
823 2603 998 2688 quod
1056 2604 1300 2669 dictum
1331 2617 1476 2686 ·est‚
1532 2629 1726 2674 nosse
1784 2611 1974 2674 simul
2030 2610 2169 2674 sine
2228 2610 2362 2672 ulla
2416 2606 2879 2672 vicissitudine

407 2712 526 2746 '²¹¹²-
645 2714 1028 2788 temporum:
1077 2714 1142 2770 et
1167 2714 1431 2791 propter
1455 2710 1839 2775 invisibilem
1872 2719 2069 2795 atque
2096 2713 2584 2790 incompositam
2617 2717 2875 2772 terram

407 2774 538 2890 ξω·
565 2777 610 2833 ¹⁹
646 2805 784 2869 sine
813 2808 947 2870 ulla
973 2807 1416 2873 vicissitudine
1445 2819 1825 2894 temporum,
1856 2832 2003 2896 quae
2034 2813 2197 2876 solet
2232 2812 2470 2874 habere
2507 2809 2707 2872 modo
2735 2809 2873 2872 hoc

405 2920 431 2967 1
460 2919 574 2970 Cor.
645 2914 709 2970 et
748 2905 942 2970 modo
985 2906 1186 2986 illud3
1234 2910 1388 2994 quia
1428 2912 1543 2974 ubi
1586 2913 1766 2976 nulla
1806 2913 2077 2996 species,
2120 2933 2438 2996 nusquam
2484 2919 2587 2974 est
2627 2910 2761 2974 hoc
2805 2919 2879 2973 et

415 2984 493 3040 ¹³'
523 2985 592 3032 ¹²·
641 3007 822 3072 illud.
882 3009 1154 3093 Propter
1175 3010 1305 3074 duo
1332 3011 1474 3076 haec
1495 3012 1791 3096 primitus
1812 3013 2150 3077 formatum
2178 3021 2244 3076 et
2270 3013 2530 3096 penitus
2557 3010 2873 3084 informe3

637 3109 821 3189 illud,
851 3112 1108 3189 coelum,
1139 3112 1254 3175 sed
1298 3115 1526 3177 coelum
1576 3115 1727 3176 coeli
1742 3139 1767 3185 ;
1814 3114 1939 3179 hoc
1970 3135 2142 3192 vero,
2173 3123 2421 3190 terram,
2452 3111 2569 3176 sed
2616 3121 2872 3175 terram

638 3211 1024 3275 invisibilem
1055 3221 1120 3275 et
1147 3214 1635 3294 incompositam
1657 3236 1677 3276 .·
1726 3223 1987 3298 propter
2015 3214 2145 3278 duo
2180 3215 2322 3278 haec
2360 3215 2617 3278 interim
2656 3213 2873 3276 sentio

641 3310 780 3374 sine
839 3315 1440 3378 commemoratione
1497 3314 1746 3378 dierum
1804 3313 2015 3380 dicere
2066 3315 2462 3398 scripturam
2520 3322 2723 3393 tuam,
2778 3315 2871 3376 In

627 3415 965 3494 principio
987 3416 1166 3496 fecit
1194 3417 1376 3479 Deus
1411 3417 1637 3478 coelum
1676 3424 1743 3478 et
1786 3423 2047 3480 terram.
2141 3416 2373 3480 Statim
2413 3415 2659 3498 quippe
2704 3415 2867 3477 sub-

628 3511 794 3596 jecit
829 3535 1023 3596 quam
1061 3523 1292 3578 terram
1331 3515 1587 3580 dixerit.
1674 3518 1767 3579 Et
1804 3516 1979 3600 quod
2022 3516 2307 3580 secundo
2338 3515 2443 3579 die
2474 3536 2869 3578 commemo-

637 3621 812 3676 ratur
851 3614 1092 3678 factum
1136 3615 1625 3695 firmamentum,
1670 3628 1734 3681 et
1778 3625 2073 3681 vocatum
2118 3619 2390 3694 coelum3
2448 3615 2739 3678 insinuat
2782 3615 2869 3679 de

642 3734 772 3798 quo
803 3715 969 3778 coelo
997 3715 1178 3798 prius
1209 3715 1348 3779 sine
1378 3716 1608 3780 diebus
1638 3738 1845 3780 sermo
1874 3717 2129 3781 locutus
2158 3717 2261 3780 sit.

448 3821 594 3895 ΧΠ.
735 3819 838 3878 17.
901 3817 1074 3880 Mira
1130 3816 1533 3900 profunditas
1590 3819 1993 3902 eloquiorum
2049 3826 2324 3896 tuorum,
2379 3837 2653 3901 quorum
2714 3835 2873 3879 ecce

403 3885 616 4014 ffirffiffi'
643 3924 792 3980 ante
819 3939 942 3981 nos
973 3917 1346 4001 superficies
1372 3917 1714 3982 blandiens
1740 3919 2063 4002 parvulis:
2110 3917 2227 3981 sed
2252 3918 2415 3980 mira
2439 3915 2873 3999 profundite&

401 4013 629 4064 funditas.
643 4018 826 4080 Deus
863 4039 1067 4096 meus,
1096 4019 1258 4082 mira
1293 4015 1733 4103 profunditas!
1808 4020 2060 4082 Horror
2086 4027 2187 4082 est
2221 4015 2549 4080 intendere
2582 4015 2651 4076 in
2682 4036 2870 4090 eam3

405 4136 488 4185 Ps.
517 4117 866 4192 138‚horror
909 4118 1196 4196 honoris,
1247 4127 1313 4183 et
1361 4126 1597 4182 tremor
1646 4118 1899 4181 amoris.
2017 4118 2146 4181 Odi
2194 4121 2437 4181 hoste-3⁰
2481 4116 2625 4199 ejus
2672 4114 2872 4179 vehe-

704 4294 744 4322 Π·
777 4289 894 4339 Vid.
916 4287 1003 4340 inf.
1027 4306 1071 4340 c.
1093 4291 1180 4340 29.
1200 4307 1248 4339 v.
1273 4291 1354 4339 fin.
1387 4299 1436 4340 et
1467 4292 1537 4340 ib.
1560 4297 1657 4339 not.
1681 4306 1725 4339 a.
1828 4305 1885 4338 ue
1926 4291 2278 4340 Testamentum
2320 4288 2545 4354 designet.
2632 4292 2667 4314 “
2702 4286 2869 4336 Sermo

638 4371 685 4419 p.
713 4355 830 4401 247.
1844 4353 1906 4412 ei,
1928 4353 2115 4419 gladius
2134 4354 2209 4403 bis
2230 4362 2415 4402 acutus.
2482 4352 2625 4401 Unde
2655 4351 2733 4400 bis
2752 4367 2867 4399 acu·

703 4423 730 4450 ¹³
764 4417 1079 4473 Manichoeos,
1111 4418 1193 4483 qui
1231 4421 1296 4468 V.
1327 4418 1387 4466 T.
1418 4426 1711 4484 respuerunt,
1777 4423 1881 4470 tus'!
1951 4419 2086 4468 Dicit
2124 4420 2185 4469 de
2234 4417 2593 4483 temporalibus.
2636 4415 2757 4465 dicit
2808 4415 2869 4464 de

638 4481 837 4546 ideoque
872 4497 954 4530 eos
986 4483 1141 4532 forsan
1175 4489 1210 4511 ‘¹
1233 4482 1392 4548 gladio
1430 4483 1503 4532 bis
1540 4482 1713 4532 acuto”
1778 4483 1978 4534 aeternis.
2047 4485 2109 4532 In
2138 4492 2339 4548 utroque
2372 4483 2538 4547 probat
2557 4479 2688 4544 quod
2726 4479 2857 4534 dicit,

637 4545 887 4594 salubriter
907 4545 1029 4596 feriri
1049 4547 1197 4610 cupit,
1221 4555 1380 4614 utpote
1414 4548 1495 4613 qui
1532 4556 1712 4598 utrum·
1779 4557 1825 4599 et
1866 4564 1974 4600 eum
2016 4563 2153 4614 quem
2195 4546 2320 4606 ferit,
2350 4554 2534 4612 separat
2576 4559 2607 4592 a
2639 4542 2868 4592 mundo.”
