3042 5059
857 1203 1649 1278 ARGUMENTUM.

1122 1474 1382 1510 ...ο-..-

971 1692 1189 1743 LIBER
1225 1692 1522 1745 PRIMUS.

150 1810 199 1861 A
221 1810 323 1862 Dei
359 1808 604 1862 laudibus
642 1826 880 1874 exorsus,
905 1811 1094 1863 recolit
1129 1812 1255 1863 vitae
1293 1826 1405 1864 suae
1434 1812 1727 1881 primordia
1750 1814 1819 1865 ad
1842 1828 2042 1865 annum
2068 1814 2333 1867 decimum

222 1896 486 1963 quintum.
560 1897 806 1949 Infantiae
838 1906 1060 1967 peccata
1095 1898 1340 1967 agnoscit
1373 1905 1429 1950 et
1463 1897 1747 1967 pueritiae3
1785 1906 1945 1967 atque
1973 1900 2073 1953 bac
2100 1908 2260 1953 aetate
2284 1901 2339 1952 in

219 1982 396 2035 lusum
434 1991 492 2035 et
529 1984 758 2051 puerilia
799 1998 1023 2052 quaeque
1070 1984 1476 2047 oblectamenta,
1519 2001 1679 2051 quam
1719 1985 1775 2036 in
1822 1984 2120 2038 litterarum
2168 1986 2345 2039 studia

219 2069 594 2137 procliviorem
620 2086 677 2121 se
700 2069 868 2122 fuisse
892 2070 1188 2122 confitetur.
2223 2090 2278 2141 p.
2312 2072 2335 2125 1

915 2259 1136 2311 LIBER
1175 2258 1585 2312 SECUNDUS.

148 2377 232 2429 Ad
281 2385 498 2431 aetatem
547 2380 706 2431 aliam
752 2379 1110 2449 progreditur,
1151 2379 1488 2447 primumque
1535 2379 1908 2432 adolescentiae
1957 2394 2088 2442 suae,
2136 2380 2192 2431 id
2238 2388 2341 2443 est,

218 2473 436 2517 sextum
463 2465 730 2518 decimum
749 2466 880 2517 vitae
895 2482 1113 2529 annum,
1131 2482 1288 2533 quem
1311 2466 1366 2517 in
1392 2472 1615 2534 paterna
1637 2466 1794 2518 domo
1819 2465 2009 2518 studiis
2023 2465 2343 2518 intermissis

216 2560 627 2620 consumpserat
667 2552 886 2605 arbitrio
923 2553 1141 2622 proprio
1188 2570 1251 2605 ac
1297 2552 1606 2604 libidinibus
1653 2553 1956 2622 indulgens,
1995 2554 2062 2604 ad
2107 2561 2343 2605 mentem

215 2646 437 2690 revocat
461 2655 582 2690 cum
609 2638 760 2707 gravi
796 2639 996 2701 dolore,
1021 2640 1076 2690 in
1100 2639 1291 2705 quibus
1329 2639 1563 2691 maxime
1599 2638 1841 2702 miratur,
1867 2656 1925 2691 se
1955 2639 2157 2691 furtum
2181 2640 2345 2708 quod-

217 2725 343 2775 dam
381 2725 556 2793 gratis
595 2733 962 2793 perpetrasse3
1019 2726 1160 2791 quod
1193 2732 1396 2787 contra,
1429 2741 1522 2777 cor
1554 2725 1845 2778 humanum
1882 2742 1986 2777 non
2027 2726 2130 2778 nisi
2168 2726 2346 2794 aliqua

217 2811 346 2862 boni
374 2811 557 2879 specie
581 2811 636 2862 in
662 2811 864 2863 malum
889 2811 1046 2863 trahi.
2280 2810 2343 2865 18

961 3002 1180 3053 LIBER
1209 3000 1539 3054 TERTIUS.

151 3121 234 3171 De
271 3118 428 3171 annis
467 3120 646 3172 aetatis
679 3121 825 3173 illius
863 3121 1070 3174 decimo
1105 3120 1353 3189 septimo,
1380 3120 1591 3173 decimo
1624 3127 1835 3182 octavo,
1873 3128 1929 3171 et
1964 3120 2172 3173 decimo
2203 3136 2343 3172 nono

220 3208 512 3259 transactis
539 3205 888 3277 Carthagine,
908 3208 1000 3259 ubi
1018 3209 1146 3259 dum
1161 3208 1455 3259 studiorum
1477 3206 1655 3275 gratia
1678 3206 2121 3270 commorabatur,
2140 3214 2346 3275 specta-

221 3292 357 3344 culis
393 3300 450 3344 et
479 3292 696 3362 flagitiis
730 3293 871 3345 ultro
907 3310 963 3345 se
1000 3294 1164 3346 dedit.
1239 3293 1516 3345 Ciceronis
1546 3292 1838 3344 Hortensio
1866 3292 1922 3343 in
1947 3310 2181 3345 amorem
2207 3294 2346 3362 sapi-

219 3378 386 3451 entia}
423 3380 751 3431 accenditur.
824 3380 960 3431 Eam
998 3380 1225 3448 superbe
1259 3394 1525 3448 quaerens,
1559 3379 1616 3429 in
1652 3376 2079 3431 Manichaeorum
2114 3379 2345 3431 baeresin

219 3464 470 3527 incurrit,
496 3481 720 3531 quorum
745 3467 871 3518 dum
898 3466 986 3517 hic
1008 3466 1182 3517 obiter
1202 3482 1410 3517 errores
1434 3474 1489 3517 et
1511 3465 1742 3534 ineptias
1767 3464 2021 3534 exagitat,
2039 3466 2105 3517 de
2128 3465 2349 3535 flagitiis

220 3559 277 3602 et
299 3551 652 3613 facinoribus,
677 3560 732 3604 et
756 3555 821 3605 de
846 3550 971 3606 vera
989 3551 1202 3622 justitia
1221 3553 1436 3605 disserit
1452 3552 1766 3605 luculenter.
1840 3553 2047 3605 Uberes
2070 3570 2133 3605 ac
2159 3570 2347 3622 peren-

219 3654 316 3689 nes
342 3654 442 3706 pro
477 3637 590 3689 filio
629 3638 926 3708 lachrymas
966 3639 1194 3691 fundens
1231 3638 1484 3691 Mounica
1519 3640 1584 3690 de
1620 3637 1801 3690 futura
1827 3638 1943 3708 ejus
1978 3638 2347 3708 resipiscentia

221 3724 422 3775 certior
459 3724 541 3785 fit,
572 3742 604 3775 a
643 3725 759 3776 Deo
797 3726 1039 3777 immisso
1079 3726 1310 3787 somnio,
1350 3732 1406 3776 et
1444 3726 1615 3777 sancti
1657 3724 1931 3792 cujusdam
1973 3726 2227 3795 Episcopi
2267 3742 2349 3777 re-

223 3826 439 3877 sponso.
2276 3809 2345 3871 27

941 4000 1162 4052 unna
1196 4001 1558 4065 QUARTUS.

165 4118 324 4170 Pudet
348 4136 405 4171 se
431 4120 855 4172 Manichaeorum
882 4126 1046 4171 sectae
1069 4120 1341 4175 addictum
1366 4120 1535 4171 fuisse
1560 4134 1654 4187 per
1669 4117 2007 4180 novennium,
2032 4124 2191 4185 atque
2214 4115 2345 4169 alios

231 4222 407 4257 secum
433 4206 489 4257 in
515 4207 765 4257 eumdem
787 4222 1024 4257 errorem
1052 4214 1236 4274 pertra
1258 4207 1404 4267 isse,
1457 4212 1576 4257 tum
1600 4204 1766 4256 etiam
1790 4203 2121 4256 consuluisse
2143 4204 2349 4254 mathe-

233 4292 481 4343 maticos:
535 4302 590 4343 et
627 4292 859 4343 amicum
905 4292 1005 4343 sibi
1045 4291 1250 4344 interea
1287 4298 1458 4343 morte
1501 4297 1848 4360 praereptum,
1892 4290 2153 4341 acerbiori
2188 4306 2347 4357 quam

237 4391 440 4443 aequum
463 4386 610 4429 esset
632 4379 797 4429 animi
822 4378 1002 4429 dolore
1033 4376 1200 4430 fuisse
1238 4384 1614 4447 prosecutum3
1665 4376 1817 4444 cujus
1842 4375 2107 4445 insignem
2132 4392 2349 4427 conver-

239 4464 432 4515 sionem
459 4472 739 4527 memorat‚
761 4474 818 4516 et
840 4465 1028 4516 mortis
1057 4464 1173 4532 ejus
1197 4464 1495 4527 occasione,
1512 4464 1578 4515 de
1604 4478 1737 4515 vana
1760 4472 1815 4515 et
1841 4463 1905 4513 de
1931 4461 2098 4514 solida
2114 4462 2350 4514 amicitia
