3042 5059
697 383 1416 450 CONFESSIONUM
1463 387 1749 450 LIBER
1792 388 1874 450 X.
2258 393 2380 450 175

159 549 280 604 aut
323 540 491 604 illud
530 540 889 624 sequetur.’'
979 540 1019 572 “
1051 539 1110 602 Ο
1143 539 1199 602 si
1241 550 1410 604 esset
1443 542 1569 604 hoc
1614 550 1726 604 aut
1766 541 1930 606 illud
1950 540 2005 604 !''
2052 545 2092 576 “
2124 544 2387 606 Avertat

159 641 356 704 Deus
413 641 538 704 hoc
597 649 708 704 aut
761 639 926 702 illud
949 637 1002 702 !”
1069 641 1239 705 Dico
1289 639 1463 724 apud
1521 663 1623 704 me
1674 642 1832 706 ista:
1899 650 1965 705 et
2014 665 2163 707 cum
2216 644 2384 720 dico,

157 751 410 826 praesto
451 750 602 805 sunt
637 741 950 823 imagines
993 741 1278 804 omnium
1319 764 1463 826 quae
1505 741 1652 806 dico
1696 763 1781 806 ex
1818 742 2045 806 eodem
2084 745 2385 808 thesauro

156 843 515 921 memoriae,
543 864 666 906 nec
699 842 960 906 omnino
991 841 1236 925 aliquid
1265 863 1482 906 eorum
1513 841 1791 906 dicerem
1822 844 1878 905 si
1907 842 2277 908 defuissent.

260 944 366 1002 15.
413 941 660 1020 Magna
685 939 811 1002 ista
839 939 936 1001 vis
965 948 1066 1002 est
1090 940 1434 1018 memoriae,
1463 961 1701 1020 magna
1728 940 1943 1018 nimiS,
1974 941 2155 1004 Deus
2184 964 2386 1024 meus,

156 1043 498 1126 penetrale
519 1043 804 1125 amplum
825 1050 891 1104 et
909 1041 1252 1105 infinitum.
1315 1042 1478 1114 Quis
1499 1041 1585 1104 ad
1604 1042 1875 1106 fundum
1896 1041 1951 1126 ej
1960 1064 2036 1106 us
2057 1041 2381 1126 pervenit?

161 1146 264 1208 Et
291 1144 392 1206 vis
419 1151 519 1206 est
557 1143 702 1206 haec
731 1143 930 1205 animi
959 1143 1107 1222 mei,
1137 1151 1330 1226 atque
1361 1142 1445 1206 ad
1485 1164 1695 1206 meam
1734 1153 2029 1208 naturam
2069 1144 2385 1227 pertinet3

159 1269 292 1310 nec
349 1267 476 1327 ego
535 1246 678 1328 ipse
737 1245 926 1328 capio
981 1254 1188 1308 totum
1249 1243 1424 1329 quod
1483 1266 1646 1308 sum.
1756 1247 1935 1326 Ergo
1994 1246 2245 1308 animus
2302 1245 2389 1309 ad

163 1347 546 1411 habendum
588 1347 871 1430 seipsum
913 1354 1224 1428 angustus
1257 1353 1372 1408 est.
1461 1347 1555 1409 Et
1596 1347 1709 1408 ubi
1754 1346 1858 1424 sit,
1890 1346 2068 1430 quod
2110 1347 2211 1410 sui
2254 1369 2386 1410 non

167 1447 428 1533 capit'?
478 1446 820 1532 Numquid
839 1456 1023 1511 extra
1049 1447 1266 1532 ipsum
1287 1469 1364 1512 ac
1382 1468 1514 1509 non
1536 1449 1606 1509 in
1630 1445 1815 1531 ipso?
1864 1448 2209 1521 Quomodo
2230 1470 2384 1530 ergo

167 1573 302 1614 non
331 1549 555 1633 capit?
602 1550 818 1612 Multa
855 1550 1016 1612 mihi
1049 1569 1242 1633 super
1281 1550 1409 1612 hoc
1457 1550 1745 1612 oboritur
1774 1548 2131 1626 admiratiO,
2162 1559 2387 1634 stupor

169 1651 604 1736 apprehendit
629 1663 750 1713 me.
839 1652 930 1713 Et
957 1659 1114 1713 eunt
1144 1651 1440 1713 homines
1469 1649 1769 1714 admirari
1800 1651 1931 1714 alta
1958 1651 2293 1730 montium,
2322 1659 2388 1715 et

167 1755 468 1835 ingentes
526 1753 760 1814 fluctus
815 1752 1032 1829 mariS,
1091 1760 1157 1814 et
1216 1751 1565 1814 latissimos
1622 1753 1847 1836 lapsus
1906 1753 2263 1830 fluminum,
2324 1761 2389 1816 et

169 1854 424 1918 Oceani
477 1853 808 1931 ambitum,
854 1860 920 1914 et
968 1873 1160 1935 gyros
1211 1852 1513 1930 siderum,
1560 1860 1625 1915 et
1671 1853 2042 1936 relinquunt
2092 1854 2385 1937 seipsos;

162 1977 290 2019 nec
321 1955 656 2030 mirantur,
686 1953 862 2038 quod
892 1954 1036 2017 haec
1065 1953 1284 2017 omnia
1311 1975 1460 2016 cum
1489 1953 1793 2030 dicerem,
1822 1975 1956 2016 non
1984 1975 2063 2017 ea
2089 1953 2388 2018 videbam

163 2057 404 2136 oculiS,
431 2077 554 2120 nec
582 2064 799 2119 tamen
829 2054 1110 2118 dicerem
1138 2054 1264 2117 nisi
1298 2063 1549 2118 montes
1578 2063 1645 2118 et
1671 2056 1906 2118 fluctus
1934 2063 2002 2117 et
2029 2055 2297 2118 flumina
2323 2065 2389 2120 et

165 2157 388 2220 sidera
417 2179 560 2242 quae
591 2156 748 2234 vidi,
777 2165 844 2219 et
869 2156 1202 2220 Oceanum
1233 2141 1426 2240 quem
1463 2156 1729 2234 credidi,
1759 2157 1935 2219 intus
1973 2156 2043 2218 in
2082 2158 2391 2221 memoria

164 2281 320 2322 mea
347 2258 628 2321 viderem
669 2257 896 2340 spatiis
934 2265 1066 2319 tam
1104 2257 1476 2338 ingentibus
1507 2257 1695 2341 quasi
1724 2257 1875 2320 foris
1904 2257 2218 2320 viderem:
2264 2277 2387 2320 nec

165 2382 251 2424 ea
281 2369 498 2423 tamen
527 2358 807 2422 videndo
839 2358 1143 2422 absorbui
1172 2358 1432 2442 quando
1464 2359 1595 2421 vidi
1628 2360 1863 2436 oculis3
1910 2381 2031 2422 neo
2062 2359 2207 2442 ipsa
2234 2364 2387 2420 sunt

167 2462 354 2546 apud
394 2481 518 2540 me,
558 2460 673 2524 sed
711 2461 1026 2541 imagines
1067 2480 1304 2524 eorum.
1393 2462 1486 2523 Et
1522 2460 1676 2523 novi
1717 2459 1876 2544 quid
1918 2482 2002 2523 ex
2031 2481 2161 2544 quo
2191 2480 2384 2522 sensu

169 2563 466 2647 corporis
493 2563 874 2646 impressum
905 2563 990 2624 sit
1017 2561 1196 2623 mihi.

263 2669 367 2727 16.
418 2663 546 2728 Sed
573 2685 704 2726 non
727 2685 805 2726 ea
831 2649 970 2726 sola
1000 2670 1205 2744 gestat
1232 2663 1547 2725 immensa
1571 2662 1698 2725 ista
1718 2661 2041 2745 capacitas
2061 2661 2383 2724 memoriae
2464 2679 2558 2729 Ix.

167 2789 356 2830 meae.
449 2766 584 2829 Hic
631 2773 780 2828 sunt
821 2773 890 2827 et
936 2764 1050 2827 illa
1091 2763 1309 2826 omnia
1352 2786 1498 2848 quae
1544 2762 1623 2826 de
1666 2763 1973 2828 doctrinis
2013 2763 2389 2826 liberalibus
2402 2746 2625 2860 {effigi-

165 2877 480 2952 percepta
510 2867 796 2930 nondum
827 2865 1226 2942 exciderunt,
1256 2865 1440 2948 quasi
1466 2873 1711 2928 remota
1735 2865 2031 2928 interiore
2056 2866 2224 2942 loeo,
2252 2886 2387 2928 non
2403 2875 2556 2938 plina-

169 2969 404 3048 loco'3
449 2991 570 3034 nec
613 2990 835 3032 eorum
875 2968 1214 3048 imagineS,
1245 2966 1359 3029 sed
1399 2988 1498 3029 res
1538 2967 1717 3051 ipsas
1757 2987 1925 3047 gem.
2016 2967 2187 3028 Nam
2225 2966 2339 3049 qui
2400 2953 2520 2990 ‘¹¹¹⁰‘

171 3073 264 3136 sit
309 3073 682 3149 litteratura,
715 3070 872 3155 quid
916 3070 1148 3153 peritia
1189 3067 1587 3152 disputandi,
1616 3076 1777 3152 quot
1816 3088 2047 3149 genera
2084 3068 2382 3150 quaestio-

171 3195 356 3251 num,
397 3172 718 3258 quidquid
758 3173 988 3234 horum
1024 3171 1160 3234 scio
1203 3171 1296 3233 sic
1341 3169 1489 3234 hic*
1521 3180 1621 3234 est
1658 3170 1727 3232 in
1769 3169 2075 3232 memoria
2115 3189 2279 3246 mea,
2311 3177 2385 3231 ut

171 3295 310 3338 non
369 3282 616 3338 retenta
672 3273 954 3353 imagine
1011 3293 1144 3335 rem
1195 3271 1350 3333 foris
1397 3271 1785 3355 reliquerim,
1830 3279 1943 3333 aut
1990 3270 2271 3332 sonuerit
2320 3277 2387 3332 et

172 3376 574 3461 praeterierit,
605 3377 774 3440 sicut
812 3395 942 3436 vox
985 3373 1298 3456 impressa
1338 3393 1454 3456 per
1497 3393 1681 3435 aures
1718 3372 1995 3452 vestigio
2036 3393 2165 3455 quo
2206 3392 2385 3434 reco-

173 3480 410 3542 leretur
420 3477 474 3554 *‚
505 3478 691 3562 quasi
730 3482 985 3540 sonaret
1025 3496 1172 3538 cum
1201 3473 1340 3558 jam
1377 3495 1508 3536 non
1550 3481 1839 3550 sonaret3
1886 3481 1996 3536 aut
2036 3473 2203 3538 sieut
2228 3471 2388 3534 odor

178 3579 334 3642 dum
386 3579 618 3642 transit
667 3587 734 3642 et
783 3577 1109 3640 evanescit
1165 3575 1234 3638 in
1283 3584 1531 3651 ventoS‚
1582 3575 1887 3638 olfactum
1946 3575 2165 3654 afficit,
2214 3573 2387 3638 unde

175 3681 417 3767 trajicit
451 3684 523 3744 in
561 3681 932 3744 memoriam
975 3679 1322 3760 imaginem
1357 3680 1456 3742 sui
1486 3700 1681 3762 quam
1708 3677 2179 3742 reminiscendo
2206 3697 2387 3760 repe-

177 3793 428 3862 tamus3
473 3794 588 3847 aut
624 3784 792 3847 sicut
827 3783 1012 3846 cibus
1055 3781 1168 3865 qui
1209 3789 1376 3844 certe
1417 3781 1487 3843 in
1526 3787 1747 3842 ventre
1775 3778 1913 3863 jam
1946 3799 2079 3840 non
2108 3778 2299 3860 sapit,
2326 3786 2393 3840 et

176 3896 390 3950 tamen
421 3886 492 3948 in
521 3885 824 3948 memoria
853 3884 1041 3968 quasi
1069 3882 1269 3966 sapit3
1316 3890 1428 3945 aut
1455 3881 1625 3944 sicut
1654 3878 1903 3963 aliquid
1926 3878 2103 3962 quod
2124 3898 2388 3960 corpore

177 3987 507 4068 tangendo
539 3987 826 4063 sentitur,
857 3983 1032 4069 quod
1061 3983 1254 4046 etiam
1286 3990 1649 4066 separatum
1692 4002 1731 4043 a
1766 3979 1956 4042 nobis
2002 3978 2390 4058 imaginatur

172 4090 506 4152 memoria.
597 4090 750 4151 Istae
796 4087 1041 4171 quippe
1084 4105 1184 4148 res
1226 4105 1357 4146 non
1401 4081 1911 4144 intromittuntur
1954 4077 2037 4142 ad
2080 4099 2241 4157 eam,
2271 4076 2388 4140 sed

173 4211 398 4254 earum
430 4191 584 4254 solae
622 4189 936 4270 imagines
973 4187 1134 4250 mira
1171 4185 1494 4250 celeritate
1536 4183 1893 4266 capiuntur,
1926 4188 1991 4244 et
2030 4180 2208 4244 miris
2247 4187 2386 4242 tan-

173 4314 374 4376 quam
406 4292 590 4355 cellis
615 4297 1030 4374 reponuntur,
1051 4296 1118 4351 et
1143 4285 1516 4350 mirabiliter
1542 4281 1935 4347 recordando
1965 4281 2385 4364 proferuntur.

267 4399 371 4456 1⁷.
419 4395 510 4455 At
536 4412 683 4454 vero
713 4412 861 4454 cum
891 4388 1082 4452 audio
1111 4387 1232 4451 tria
1261 4407 1495 4468 genera
1523 4405 1663 4447 esse
1694 4383 2144 4468 quaestionum‚
2167 4403 2251 4446 an
2281 4381 2385 4460 sit,
2480 4394 2546 4444 x.

178 4494 337 4578 quid
378 4494 486 4572 sit,
515 4495 706 4578 quale
745 4493 864 4567 sit3
911 4510 1210 4554 sonorum
1251 4479 1512 4570 quidem
1544 4485 1781 4569 quibus
1819 4485 1961 4548 haec
2000 4485 2196 4548 verba
2234 4505 2386 4548 con·
2403 4462 2627 4596 3322„
