3042 5059
622 335 752 394 222
1171 327 1240 390 S.
1287 325 1803 390 AUGUSTINI
1851 323 2273 390 EPISCOPI

619 483 732 548 illa
758 479 1082 564 praeterita
1109 490 1230 557 est,
1259 489 1326 568 et
1349 501 1482 544 non
1511 489 1613 544 est
1643 480 1779 565 jam
1811 501 1961 544 vox.
2052 481 2293 544 Futura
2320 487 2455 542 erat
2480 487 2845 562 antequam

621 591 898 660 sonaret,
927 592 994 646 et
1018 601 1150 644 non
1179 589 1431 665 poterat
1457 582 1689 661 metiri,
1718 581 1875 665 quia
1900 580 2189 644 nondum
2218 587 2371 656 erat,
2400 587 2467 642 et
2492 601 2671 642 nunc
2701 600 2839 640 non

619 693 854 768 potest,
895 683 1050 770 quia
1074 681 1215 767 jam
1257 701 1390 746 non
1426 691 1543 746 est.
1634 682 1823 747 Tunc
1864 703 2018 763 ergo
2059 671 2313 766 poterat
2350 703 2498 744 eum
2536 682 2838 757 sonabat,

623 784 778 869 quia
806 793 960 849 tunc
1004 790 1140 849 erat
1183 805 1328 868 quae
1371 783 1582 848 metiri
1620 790 1857 866 posset.
1948 783 2079 847 Sed
2114 791 2180 846 et
2214 791 2370 846 tuno
2408 802 2544 844 non
2588 783 2839 857 stabat3

622 887 758 951 ibat
786 887 958 950 enim
987 895 1052 950 et
1075 886 1462 970 praeteribat.
1503 963 1510 972 .
1547 887 1655 952 ‚An
1680 885 1827 950 ideo
1858 885 2065 967 magis
2092 882 2381 968 poterat?
2448 883 2839 948 Praeteriens

621 987 794 1050 enim
859 985 1239 1050 tendebatur
1287 985 1356 1048 in
1407 985 1673 1069 aliquod
1730 984 2010 1069 spatium
2065 984 2373 1066 temporis
2432 1005 2562 1067 quo
2622 982 2839 1046 metiri

616 1095 860 1170 posset,
911 1086 1214 1170 quoniam
1257 1106 1545 1168 praesens
1590 1086 1843 1148 nullum
1886 1085 2083 1148 habet
2142 1085 2441 1169 spatium.
2547 1083 2621 1149 Si
2680 1105 2837 1165 ergo

617 1197 772 1253 tune
809 1195 1082 1272 poterat,
1110 1207 1262 1251 eece
1300 1195 1478 1270 puta,
1507 1187 1710 1250 altera
1746 1186 1949 1271 coepit
1986 1207 2233 1263 sonare,
2263 1194 2329 1249 et
2365 1185 2577 1248 adhuc
2624 1195 2836 1261 sonat,

620 1289 992 1353 continuato
1031 1296 1248 1352 tenore
1261 1284 1288 1313 ⁸
1323 1287 1462 1350 sine
1490 1287 1628 1350 ulla
1655 1286 2091 1351 distinctione:
2139 1286 2475 1350 metiamur
2502 1307 2647 1350 eam
2676 1285 2839 1348 dum

621 1399 837 1467 sonat3
883 1411 1030 1453 cum
1060 1388 1231 1452 enim
1261 1409 1486 1451 sonare
1516 1387 1878 1464 cessaverit,
1898 1385 2037 1471 jam
2074 1387 2398 1470 praeterita
2427 1387 2565 1464 erit,
2596 1394 2663 1448 et
2697 1407 2837 1448 non

621 1493 742 1556 erit
781 1514 928 1576 quae
965 1491 1174 1575 possit
1214 1490 1456 1569 metiri3
1517 1491 1856 1554 metiamur
1890 1492 2107 1574 plane,
2149 1499 2215 1552 et
2258 1490 2549 1554 dieamus
2588 1497 2837 1572 quanta

622 1595 724 1657 sit.
813 1593 946 1656 Sed
971 1592 1183 1656 adhuc
1217 1599 1424 1668 sonat,
1451 1613 1573 1655 nec
1604 1592 1813 1654 metiri
1838 1599 2055 1674 potest
2082 1591 2211 1654 nisi
2236 1591 2320 1654 ab
2350 1591 2537 1653 initio
2567 1591 2665 1653 sui
2702 1611 2839 1674 quo

623 1716 846 1759 sonare
903 1694 1126 1777 coepit,
1169 1711 1373 1776 usque
1425 1693 1509 1756 ad
1560 1692 1754 1756 finem
1798 1712 1928 1775 quo
1970 1692 2225 1756 desinit.
2314 1693 2540 1775 Ipsum
2582 1692 2837 1774 quippe

621 1796 1023 1858 intervallum
1051 1795 1348 1857 metimur
1375 1795 1457 1857 ab
1487 1795 1706 1877 aliquo
1734 1793 1921 1856 initio
1948 1813 2153 1876 usque
2181 1793 2264 1856 ad
2294 1793 2574 1875 aliquem
2614 1792 2833 1854 finem.

624 1897 1030 1978 Quapropter
1057 1915 1190 1957 vox
1217 1914 1362 1976 quae
1391 1893 1681 1956 nondum
1722 1894 1911 1958 finita
1946 1905 2064 1972 est,
2092 1893 2302 1957 metiri
2330 1914 2463 1956 non
2494 1901 2733 1976 potest,
2763 1901 2837 1954 ut

623 1995 874 2059 dicatur
901 2014 1092 2076 quam
1119 1996 1318 2075 longa
1343 1995 1446 2058 vel
1473 1995 1685 2058 brevis
1714 1995 1827 2071 sit3
1870 2015 1991 2058 nec
2022 1994 2153 2058 dici
2182 2003 2293 2058 aut
2321 1994 2585 2077 aequalis
2614 1993 2836 2069 alicui,

625 2106 738 2160 aut
764 2096 847 2160 ad
875 2095 1155 2178 aliquam
1181 2097 1417 2180 simpla
1441 2096 1545 2159 vel
1573 2095 1793 2179 dupla,
1822 2097 1925 2159 vel
1955 2095 2114 2178 quid
2140 2095 2332 2160 aliud.
2422 2096 2589 2159 Cum
2620 2102 2837 2157 autern

625 2199 811 2264 finita
847 2196 1056 2274 fuerit,
1074 2196 1213 2281 jam
1251 2219 1382 2261 non
1417 2200 1559 2262 erit.
1651 2201 1797 2272 Quo
1834 2209 2029 2283 pacto
2070 2199 2266 2282 igitur
2304 2199 2515 2262 metiri
2555 2197 2833 2281 poterit?

626 2303 718 2364 Et
743 2299 1044 2363 metimur
1067 2307 1282 2362 tamen
1312 2306 1629 2382 tempora3
1673 2322 1793 2364 nec
1824 2323 1902 2364 ea
1926 2319 2072 2383 quae
2100 2299 2387 2364 nondum
2418 2306 2587 2379 sunt,
2608 2321 2733 2363 nec
2761 2321 2836 2362 ea

628 2421 773 2486 qnae
807 2400 946 2485 jam
981 2421 1114 2462 non
1153 2407 1324 2479 sunt,
1351 2421 1472 2464 nec
1507 2422 1585 2465 ea
1616 2421 1763 2484 quae
1798 2403 1979 2464 nulla
2014 2422 2191 2464 mora
2228 2400 2687 2478 extenduntur,
2716 2421 2834 2462 nec

629 2524 708 2566 ea
731 2524 880 2587 quae
907 2502 1214 2565 terminos
1239 2523 1373 2564 non
1400 2502 1670 2565 habent:
1730 2523 1851 2566 nec
1886 2502 2101 2565 futura
2140 2522 2293 2584 ergo
2330 2523 2451 2565 neo
2494 2502 2835 2583 praeterita,

625 2625 748 2668 nec
775 2603 1138 2686 praesentia,
1158 2624 1280 2667 nec
1301 2603 1749 2687 praetereuntia
1773 2611 2063 2686 tempora
2089 2603 2414 2676 metimur3
2460 2613 2524 2666 et
2538 2602 2837 2664 metimur

627 2713 842 2768 tamen
871 2712 1178 2787 tempora.

713 2809 818 2866 35.
864 2806 904 2837 ‘⁶
936 2805 1118 2867 Deus
1147 2813 1392 2868 creator
1420 2805 1775 2879 omnium;'’
1816 2825 2035 2868 versus
2073 2805 2193 2868 iste
2233 2813 2379 2868 octo
2420 2805 2833 2888 syllabarum,

627 2905 927 2968 brevibus
968 2913 1034 2968 et
1064 2904 1278 2986 longis
1309 2907 1579 2968 alternat
1617 2905 1901 2988 syllabis,
1990 2907 2281 2978 Quam-or
2318 2906 2535 2989 itaque
2574 2907 2832 2980 breves;

625 3003 854 3087 prima,
883 3005 1088 3085 tertia,
1109 3005 1354 3088 quinta,
1377 3007 1672 3089 septima,
1703 3006 1953 3088 simplae
1982 3014 2133 3070 sunt
2162 3006 2245 3070 ad
2272 3016 2547 3090 quatuor
2571 3009 2831 3087 longas3

627 3105 996 3183 secundam,
1028 3113 1336 3188 quartam,
1375 3115 1645 3186 sextam,
1684 3115 1993 3170 octavam.
2086 3109 2213 3169 Hae
2254 3108 2523 3189 singulae
2564 3107 2650 3170 ad
2691 3107 2834 3169 illas

625 3207 913 3288 singulas
953 3206 1222 3289 duplum
1263 3208 1510 3282 habent
1550 3209 1888 3291 temporis3
1953 3209 2300 3291 pronuntio
2314 3206 2366 3286 ³,
2406 3207 2728 3283 renuntio,
2772 3217 2833 3268 et

623 3306 718 3368 ita
753 3314 854 3369 est
889 3316 1200 3388 quantum
1239 3307 1508 3371 sentitur
1551 3329 1744 3370 sensu
1782 3309 2142 3372 manifesto,
2234 3310 2563 3381 Quantum
2606 3329 2831 3370 sensus

623 3407 998 3470 manifestus
1042 3415 1159 3484 est,
1200 3409 1381 3472 brevi
1427 3411 1675 3492 syllaba
1716 3410 1976 3490 longam
2018 3411 2265 3488 metior,
2309 3429 2577 3492 eamque
2626 3409 2830 3471 sentio

621 3507 859 3571 habere
901 3509 1006 3571 bis
1050 3516 1315 3572 tantum.
1407 3509 1539 3573 Sed
1582 3531 1730 3574 cum
1774 3513 1974 3574 altera
2029 3519 2181 3593 post
2220 3513 2481 3575 alteram
2524 3516 2733 3586 sonat,
2776 3509 2829 3570 si

620 3608 796 3691 prior
837 3610 1072 3686 brevis,
1121 3611 1318 3691 longa
1372 3613 1709 3694 posterior,
1762 3614 2087 3697 quomodo
2146 3617 2377 3678 tenebo
2436 3614 2717 3691 brevem,
2768 3619 2834 3674 et

621 3709 948 3792 quomodo
975 3731 1118 3774 eam
1145 3711 1369 3796 longael
1385 3714 1655 3778 metiens
1672 3716 2051 3800 -applieabO,
2075 3723 2149 3778 ut
2172 3715 2495 3778 inveniam
2524 3713 2703 3796 quod
2729 3711 2832 3774 bis

622 3819 874 3876 tantum
903 3813 1172 3889 habeat3
1217 3811 1739 3897 quandoquidem
1766 3818 1965 3898 longa
1996 3837 2221 3880 sonare
2256 3837 2389 3878 non
2426 3814 2681 3897 incipit,
2708 3813 2831 3875 nisi

620 3914 832 3976 brevis
875 3934 1100 3977 sonare
1139 3912 1487 3978 destiterit?
1580 3918 1925 4001 Ipsamque
1961 3921 2225 4000 longam
2260 3936 2414 3982 num
2451 3925 2831 4000 praesentem

617 4015 869 4091 metior,
898 4014 1157 4097 qua-ndo
1195 4014 1322 4076 nisi
1361 4015 1611 4080 finitam
1640 4039 1772 4080 non
1799 4018 2071 4082 metior?
2140 4017 2305 4102 Ejus
2350 4026 2563 4081 autern
2600 4016 2833 4094 finitio,

618 4117 966 4201 praeteritio
1004 4124 1122 4180 est.
1215 4115 1390 4188 Quid
1425 4136 1577 4196 ergo
1618 4127 1719 4180 est
1762 4118 1940 4201 quod
1976 4117 2236 4183 metiar?
2330 4118 2467 4182 Ubi
2506 4126 2627 4195 est,
2660 4137 2789 4200 qua
2802 4113 2829 4141 ⁴¹

619 4217 870 4294 metior,
887 4215 1138 4280 brevis?
1183 4215 1297 4280 ubi
1327 4224 1426 4280 est
1451 4218 1649 4298 longa
1676 4237 1870 4300 quam
1898 4219 2157 4283 metior?
2218 4221 2444 4282 Ambae
2465 4227 2833 4300 sonuerunt,

621 4319 1050 4398 avolaverunt,
1077 4317 1535 4400 praeterienmt,
1554 4317 1693 4402 jam
1718 4340 1853 4381 non
1884 4327 2033 4383 sunt
2044 4344 2063 4397 3
2108 4327 2175 4383 et
2198 4341 2323 4402 ego
2352 4320 2601 4397 metior,
2630 4319 2829 4382 fiden-

619 4426 841 4500 terque
897 4419 1278 4501 respondeo,
1338 4425 1650 4502 quantum
1708 4414 2057 4484 exercitato
2116 4441 2309 4484 sensu
2364 4421 2607 4511 fiditur,
2658 4420 2832 4486 illam
