3042 5059
618 428 1337 546 coNFEssroNUM
1382 433 1666 502 LIBER
1707 434 1902 501 x111.

2227 445 2353 504 259

197 581 317 650 curn
346 586 473 670 jam
508 589 801 652 obierunt
832 590 1023 654 istam
1060 597 1327 656 mortem
1369 592 1466 654 illi
1502 594 1825 671 mortales,
1854 614 1970 677 per
2005 614 2170 678 quos
2212 609 2354 658 eam

195 685 534 768 dispensasti
562 683 769 753 nobis.
837 691 928 754 Et
956 696 1027 753 tu
1058 691 1206 769 sciS,
1226 692 1527 771 Domine,
1557 701 1630 756 tu
1661 694 1788 757 scis
1816 695 2355 778 quemadmodum

193 788 431 868 pellibus
475 789 757 853 indueris
806 789 1123 868 homines,
1176 813 1323 855 cum
1380 801 1652 874 peccato
1710 796 2010 857 mortales
2064 795 2292 859 fierent
2305 803 2351 858 Υ.

197 887 354 950 Unde
390 891 555 952 sicat
586 893 826 971 pellem
876 893 1230 954 extendisti
1256 893 1763 973 firmamentum
1811 895 1992 958 Libri
2039 895 2152 975 tui,
2201 918 2352 960 con·
2369 911 2494 1024 {ilem
2519 914 2569 970 3,

196 986 380 1049 cordes
403 988 621 1070 utique
650 1009 973 1052 sermones
1000 997 1168 1066 tuoS,
1201 1010 1364 1074 quos
1392 1010 1509 1073 per
1535 992 1902 1056 mortalium
1930 995 2354 1060 ministerium

196 1089 608 1170 superposuisti
648 1089 857 1152 nobis,

946 1091 1247 1174 Namque
1278 1091 1425 1173 ipsa
1462 1112 1679 1154 eorum
1717 1100 1940 1170 morte,
1969 1096 2352 1160 solidamen-

196 1193 339 1248 tum⁸
381 1190 773 1252 auctoritatis
816 1190 885 1251 in
930 1190 1205 1274 eloquiis
1261 1191 1391 1253 tuis
1446 1209 1564 1274 per
1607 1213 1718 1254 eos
1763 1191 1953 1256 editis
1999 1191 2356 1261 sublimiter

193 1288 522 1352 extenditur
568 1312 762 1374 super
812 1291 1026 1355 omnia
1079 1311 1225 1375 quae
1278 1294 1498 1354 subter
1520 1377 1530 1391 x
1541 1299 1740 1388 ÷sustit3
1807 1293 1982 1376 quod
2040 1317 2186 1359 cum
2243 1293 2354 1362 hic

194 1387 447 1467 viverent,
487 1412 621 1453 non
663 1391 757 1454 ita
799 1391 1157 1454 sublimiter
1204 1397 1538 1454 extentum
1588 1398 1738 1454 erat.

1829 1393 2141 1457 Nondum
2183 1401 2354 1460 sicut

188 1490 378 1566 pellem
440 1493 674 1554 coelum
746 1493 1152 1569 extenderas,
1210 1490 1499 1554 nondum
1567 1481 1786 1555 mortis
1844 1513 2061 1556 eorum
2117 1495 2353 1558 famam

193 1608 601 1673 usquequaque
633 1591 1007 1656 dilataveras
1017 1597 1060 1654 ⁸.

263 1695 343 1754 17.
398 1695 753 1772 VideamuS,
796 1695 1097 1772 Domine,
1142 1695 1352 1772 coelo-3,
1396 1715 1591 1775 opera
1635 1697 1988 1776 diyitoram
2042 1705 2298 1759 tuorum
2322 1723 2346 1766 ‚-

194 1789 470 1858 disserena
506 1797 714 1859 oculis
754 1795 989 1858 nostris
1027 1795 1320 1858 nubilum
1350 1817 1480 1879 quo
1512 1796 1857 1859 subtexisti
1898 1817 2028 1860 eos

196 1896 587 1959 testimonium
636 1905 833 1974 tuum,
876 1899 1268 1976 sapientiam
1312 1905 1634 1977 praestans
1665 1899 1983 1978 parvulis.

192 1989 338 2056 Deus
388 2017 582 2076 meus,
630 1998 888 2059 laudem
934 2003 1109 2059 tuam
1152 2017 1237 2059 ex
1279 2019 1387 2059 ore
1428 1999 1793 2080 infantium
1837 2006 1904 2060 et
1945 2001 2348 2063 lactentium.

194 2092 384 2178 Neque
423 2097 590 2159 enim
633 2097 927 2159 novimus
969 2097 1129 2160 alios
1166 2097 1365 2160 libros
1405 2098 1497 2160 ita
1539 2097 1934 2162 destruentes
1963 2100 2351 2183 superbiam,

191 2191 263 2255 ita
303 2197 580 2262 destmen
588 2206 685 2260 tes
730 2200 1072 2260 inimicum
1117 2205 1182 2260 et
1225 2198 1639 2280 defensorem,
1683 2199 2080 2264 resistentem
2129 2222 2351 2264 recon-
2369 2217 2482 2266 Ver.
2499 2217 2551 2265 3.

192 2294 454 2361 ciliationi
488 2307 621 2363 tuae
663 2297 1062 2362 defendendo
1099 2305 1371 2382 peccata
1410 2321 1527 2363 sua
1539 2299 1578 2362 ''.
1669 2303 1820 2364 Non
1847 2300 2021 2381 novi,
2050 2303 2352 2380 Domine,

192 2415 293 2459 non
323 2402 463 2464 novi
502 2403 633 2466 alia
672 2409 805 2464 tam
848 2409 1027 2466 casta
1064 2403 1342 2485 eloquia,
1384 2425 1530 2486 quae
1569 2404 1662 2466 sic
1697 2403 1857 2465 mihi
1897 2403 2353 2488 persuaderent

192 2499 633 2580 confessionem,
663 2511 728 2565 et
758 2502 1031 2566 lenirent
1069 2503 1380 2566 cervicem
1418 2522 1628 2566 meam
1656 2502 1820 2585 jugo
1855 2512 1988 2583 tuo,
2020 2512 2085 2567 et
2118 2505 2348 2566 invita-

190 2608 301 2662 rent
338 2604 529 2668 colere
572 2611 640 2667 te
686 2604 897 2684 gratis.

988 2604 1352 2683 Intelligam
1395 2625 1491 2681 ea,
1537 2603 1728 2666 Pater
1782 2604 1995 2680 bone;
2061 2601 2150 2667 da.
2187 2603 2350 2666 mihi

190 2695 301 2764 haec
324 2705 767 2788 subterposit0‚
798 2702 952 2788 quia
980 2703 1425 2786 subterpositis
1456 2703 1746 2766 solidasti
1775 2725 1869 2766 ea.

260 2804 340 2864 18.
392 2805 553 2868 Sunt
598 2805 741 2868 aliae
784 2825 967 2888 aquae
1007 2825 1202 2886 saper
1244 2804 1369 2868 hoc
1394 2805 1929 2885 firmamentum,
1975 2801 2186 2881 crede,
2228 2804 2346 2868 im-

189 2905 459 2983 mortales,
488 2915 551 2970 et
595 2927 638 2969 a
673 2916 918 2970 terrena
961 2905 1366 2988 corruptione
1410 2913 1689 2969 secretae.
1778 2905 2074 2969 Laudent
2113 2927 2350 2968 nomen

188 3005 353 3081 tuum,
394 3006 663 3070 laudent
711 3014 771 3068 te
823 3006 1307 3091 supercoelestes
1357 3006 1584 3088 populi
1633 3007 2024 3087 Angelorum
2074 3003 2348 3082 tuorum,

188 3101 279 3181 qui
300 3125 417 3168 non
445 3127 615 3191 opus
640 3107 883 3170 habent
912 3103 1273 3190 suspicere*
1310 3104 1778 3168 firmamentum
1805 3107 1953 3182 hoc,
1985 3113 2048 3167 et
2073 3104 2348 3186 legendo

186 3221 529 3286 cognoscere
557 3210 827 3272 verbum
856 3215 1035 3272 tuum
1046 3215 1085 3269 ⁰.
1163 3207 1391 3270 Vident
1420 3206 1590 3269 enim
1599 3208 1854 3289 faciem
1885 3214 2060 3272 tuam
2079 3228 2346 3288 semper,
2363 3221 2489 3334 ἢκ.
2507 3222 2584 3278 18,

238 3394 261 3434 1
289 3391 385 3442 vid.
406 3410 507 3461 sup.
529 3411 580 3444 n.
608 3411 649 3444 z.
670 3396 730 3444 ad
749 3394 785 3443 l.
809 3395 888 3444 vii.
914 3398 955 3458 §.
976 3395 1057 3442 24.

238 3457 262 3485 ²
289 3457 419 3505 Extat
471 3460 599 3508 enim
652 3460 905 3508 authoritas
956 3459 1217 3508 divinarum

190 3513 507 3583 Scripturarurn,
529 3523 659 3572 unde
681 3539 813 3572 ruens
848 3532 1001 3572 nostra
1034 3523 1219 3571 deviare

188 3591 263 3628 non
286 3583 439 3648 debet3
483 3603 573 3638 nec
606 3587 765 3636 relicto
798 3588 1115 3636 Solidamento
1146 3586 1218 3634 di-

189 3643 263 3692 vini
279 3648 451 3714 eloquii,
473 3667 558 3726 per
578 3669 657 3700 sus
691 3651 893 3700 icionum
916 3667 1104 3700 suarum
1132 3650 1221 3698 ab·

186 3717 299 3772 rupta
317 3714 604 3780 praecipitari,
626 3733 659 3764 u
693 3716 710 3764 i
730 3731 819 3764 nec
836 3731 995 3764 sensus
1018 3714 1219 3779 corporis

188 3771 291 3835 mgit.
311 3792 389 3826 nec
408 3779 656 3845 perspicua
682 3780 799 3828 ratio
826 3778 1025 3828 veritatis
1043 3779 1219 3827 elucet.

186 3833 289 3900 Aug.
308 3841 362 3888 de
388 3843 517 3891 Trin.
550 3844 591 3892 l.
620 3843 689 3891 iii.
714 3859 759 3892 c.
785 3845 862 3892 10.
930 3845 1071 3890 Hanc
1105 3858 1217 3890 auc·

189 3899 383 3952 toritatem
412 3906 561 3972 primo
588 3907 744 3972 posuit
774 3909 909 3957 Deus
930 3907 980 3954 in
1002 3906 1217 3956 Ecclesia

186 3975 269 4019 ⁸¹¹2,
293 3966 393 4016 inde
426 3971 567 4036 caepit
598 3972 787 4035 exsequi
816 3979 1015 4030 caetera;
1066 3971 1218 4034 posuit

184 4027 284 4076 enim
322 4035 510 4091 coelum,
544 4041 594 4083 et
628 4037 835 4084 extendit
867 4035 989 4085 sicut
1028 4034 1215 4100 pellem.

186 4087 307 4141 Id.in
327 4096 404 4146 Ps.
429 4099 539 4154 103.
566 4099 611 4161 §.
634 4101 682 4147 8.

234 4159 255 4188 ⁸
282 4163 313 4187 “
331 4161 623 4212 Mortuerum
640 4163 781 4218 dicta.
800 4163 912 4227 quia
930 4179 1023 4212 non
1039 4177 1219 4218 eorum,

184 4219 247 4267 Sed
266 4237 339 4284 per
358 4241 435 4274 eos
454 4227 583 4276 illius
604 4234 752 4286 erant,
774 4227 858 4292 qui
885 4227 1094 4276 extendit
1126 4243 1221 4276 cae-

184 4278 266 4358 luni
281 4285 393 4338 sieut
412 4289 605 4354 pellem,
629 4300 821 4340 manent
844 4306 991 4356 usque
1018 4291 1079 4339 ad
1112 4307 1221 4356 pos-

181 4350 377 4400 teutatem
415 4363 639 4404 nostram.
721 4357 851 4405 Nam
884 4365 989 4422 post
1022 4364 1217 4403 mortem

182 4407 271 4471 plus
300 4414 595 4468 innotuerunt
626 4419 869 4485 Prophetae
902 4427 950 4470 et
984 4419 1219 4484 Apostoli,

184 4487 262 4524 non
281 4489 402 4529 erant
421 4489 515 4530 tam
542 4482 640 4532 noti
672 4499 783 4532 cum
818 4485 1053 4533 viverent:
1106 4485 1219 4532 Pro-

1280 3409 1441 3444 omnes
1464 3404 1638 3456 gentes.
1699 3394 1819 3443 Cum
1843 3395 1965 3442 enim
1989 3343 2210 3452 viveren‘t,
2229 3411 2348 3444 non-

1282 3459 1395 3506 dum
1432 3467 1536 3506 erat
1577 3467 1769 3506 extenta
1810 3459 1962 3524 pellis,
2001 3461 2210 3507 nondum
2250 3471 2351 3508 erat

1282 3530 1519 3570 extentum
1543 3523 1734 3580 caelum,
1758 3531 1808 3571 ut
1830 3532 2004 3587 tegeret
2021 3525 2180 3572 orbem
2206 3533 2351 3573 terra·

1283 3586 1438 3635 rum-'⁹
1482 3586 1611 3650 Aug.
1635 3587 1696 3635 ad
1721 3585 1798 3636 Ps.
1831 3589 1938 3638 103.
1956 3589 1998 3651 §.
2020 3590 2068 3636 8.
2111 3589 2350 3639 Caeterum

1286 3655 1319 3679 ‘⁶
1344 3651 1545 3715 typum'’
1576 3651 1720 3708 hunc,
1751 3668 1844 3716 quo
1878 3659 1912 3680 “
1939 3653 2083 3702 coeli”
2117 3653 2350 3702 ministros

1283 3714 1380 3762 Dei
1395 3715 1653 3780 designant,
1671 3716 1798 3764 varie
1815 3718 2014 3766 illustrat
2031 3717 2093 3766 ad
2112 3718 2238 3767 hunc
2256 3719 2350 3767 loc.

1281 3787 1331 3826 et
1354 3781 1413 3834 ad
1447 3781 1532 3828 Ps.
1564 3783 1611 3838 8,
1634 3783 1681 3827 4.
1706 3781 1748 3842 §.
1772 3781 1822 3830 7.
1856 3783 1937 3829 Ps.
1967 3784 2044 3837 18,
2075 3784 2113 3830 1.
2156 3785 2236 3831 Ps.
2265 3784 2348 3836 32,

1283 3844 1331 3890 6·
1345 3843 1393 3943 Ξ.
1407 3843 1970 3972 ἶπη-ρῖίὶηξεῇᾶέἶῗὲδέἒε..
1982 3847 2098 3956 ¹321.
2115 3921 2220 3971 sup.
2232 3907 2270 3955 1.
2285 3907 2348 3954 iv.

1282 3972 1322 4034 §.
1340 3969 1422 4019 26.
1446 3978 1493 4017 et
1515 3978 1632 4018 nott.
1653 3970 1685 4017 f.
1705 3985 1751 4032 g.
1773 3969 1823 4016 h.

1346 4039 1369 4066 ⁶
1406 4035 1658 4097 Propterea
1697 4033 1820 4080 enim
1875 4031 2043 4093 legitur
2095 4031 2190 4090 lex,
2235 4031 2348 4095 quia

1282 4097 1491 4147 nondum
1531 4095 1742 4144 venimus
1783 4095 1845 4144 ad
1879 4095 2010 4143 illam
2055 4095 2346 4160 sapientiam,

1284 4177 1393 4228 quae
1413 4159 1579 4226 implet
1599 4159 1736 4208 corda
1758 4168 1806 4209 et
1827 4168 2006 4208 mentes
2034 4159 2313 4208 intuentium
2332 4179 2346 4220 3

1284 4236 1333 4276 et
1352 4241 1446 4275 non
1467 4241 1584 4288 opus
1606 4224 1692 4272 erit
1712 4233 1766 4273 ut
1791 4224 1967 4288 aliquid
1983 4223 2052 4272 ibi
2064 4223 2200 4272 nobis
2219 4223 2349 4286 lega·
2411 4247 2418 4251 ·
2499 4225 2504 4229 ’

1285 4301 1378 4340 tur.
1446 4289 1572 4347 Quia
1590 4287 1640 4337 in
1663 4304 1717 4337 eo
1740 4289 1866 4353 quod
1888 4287 2023 4337 nobis
2042 4287 2228 4352 legitur,
2251 4287 2346 4351 syl-

1281 4355 1403 4404 labae
1434 4361 1602 4403 sonant
1631 4361 1679 4402 et
1709 4360 1987 4412 transeunt3
2018 4352 2104 4401 illa
2124 4352 2208 4400 lux
2230 4351 2350 4399 veri-

1282 4415 1391 4467 tatis
1431 4434 1525 4466 non
1563 4418 1782 4483 preterit,
1821 4419 1902 4466 sed
1939 4418 2034 4466 fixa
2071 4428 2349 4482 permanens

1283 4481 1484 4531 inebriat
1523 4482 1664 4531 corda
1703 4481 1978 4532 videntium.
2019 4481 2146 4546 Aug.
2183 4481 2230 4529 in
2270 4483 2348 4531 Ps.

185 4535 324 4600 phetas
344 4546 468 4596 vivos
488 4548 592 4596 sola
616 4547 785 4598 Judaea
815 4549 995 4607 habuit,
1017 4556 1223 4596 mortuos
1285 4549 1368 4598 93.
1393 4549 1435 4610 §.
1457 4547 1507 4595 6.

1202 4647 1233 4689 s
1266 4633 1305 4690 52
1367 4684 1373 4688 .

2119 1798 2226 1860 Ibi
2253 1805 2354 1862 est
2369 1813 2589 1872 Ps.18,8.

2072 1899 2350 1980 Perfice,
2367 1912 2452 1960 Ps.
2469 1913 2520 1968 8,
2539 1911 2587 1959 4.
