3042 5059
685 307 810 363 2⁷6
1243 301 1308 362 S.
1357 299 1871 364 AUGUSTINI
1918 298 2336 364 EPISCOPI

687 455 1031 518 structione
1061 451 1406 531 devincti',
1437 453 1739 517 adversus
1766 461 1831 516 te
1858 455 2088 517 iterum
2115 455 2419 517 rebellare
2447 473 2587 514 non
2616 459 2907 534 possent.

686 555 836 618 Alia
862 574 1009 618 vero
1037 574 1158 617 nec
1189 553 1418 618 fecisse
1449 563 1533 634 te,
1560 575 1681 617 nec
1711 554 1971 616 omnino
2012 554 2434 637 compegisse,
2466 553 2647 615 sicut
2684 571 2910 612 omnes

689 675 912 719 carnes
939 662 1005 716 et
1037 653 1464 716 minutissima
1503 674 1776 737 quaeque
1820 653 2190 731 animantia,
2219 662 2283 717 et
2312 651 2645 736 quidquid
2680 649 2911 712 radici-

688 758 812 819 bus
853 763 1083 817 terram
1127 762 1334 816 tenet:
1405 752 1518 815 sed
1556 753 1855 816 hostilem
1898 760 2176 816 mentem
2220 760 2654 834 naturamque
2694 751 2913 824 aliam,
3006 819 3008 826 Ι

687 875 819 917 non
881 856 998 918 abs
1054 862 1117 916 te
1175 852 1522 928 conditam,
1582 852 1829 936 tibique
1898 852 2297 928 contrariam,
2354 853 2426 914 in
2492 849 2915 913 inferioribus
3006 863 3008 910 ι

685 955 910 1020 mundi
947 956 1109 1020 locis
1148 955 1272 1017 ista.
1319 953 1579 1035 gignere
1620 960 1813 1036 atque
1848 953 2133 1016 formare.
2225 953 2449 1016 Insani
2480 952 2722 1015 dicunt
2749 952 2915 1027 haec,
3006 1023 3008 1038 Ι

687 1057 990 1142 quoniam
1033 1077 1165 1119 non
1213 1077 1330 1138 per
1379 1055 1692 1139 Spiritum
1742 1063 1921 1119 tuum
1971 1055 2193 1119 vident
2240 1077 2437 1138 opera
2479 1063 2621 1132 tua,
2672 1075 2803 1117 nec
2858 1063 2915 1116 te

687 1167 1093 1240 cognoscunt
1118 1157 1189 1218 in
1216 1157 1329 1220 εἰς.

463 1268 658 1342 xytxl.
773 1263 879 1320 46.
925 1258 1058 1330 Qui
1087 1263 1298 1319 autem
1326 1277 1442 1338 per
1469 1256 1781 1338 Spiritum
1812 1269 1989 1320 tuum
2014 1256 2231 1320 vident
2261 1278 2359 1333 ea,
2381 1265 2453 1319 tu
2474 1255 2667 1318 vides
2697 1255 2775 1316 in
2806 1254 2915 1315 eis.

446 1395 576 1443 idem
688 1361 866 1439 Ergo
897 1379 1044 1421 cum
1072 1358 1293 1422 vident
1321 1359 1476 1442 quia
1500 1359 1677 1421 bona
1704 1366 1873 1437 sunt,
1902 1366 1973 1421 tu
2002 1359 2182 1422 vides
2214 1359 2369 1443 quia
2400 1360 2584 1420 bona
2614 1362 2809 1419 sunt:
2856 1365 2914 1417 et
3006 1371 3008 1380 ·

449 1459 674 1524 probatur
692 1479 1114 1543 quoecumque
1156 1468 1415 1542 propter
1443 1468 1506 1522 te
1535 1459 1816 1541 placent,
1848 1467 1920 1521 tu
1946 1459 2015 1520 in
2044 1459 2139 1521 eis
2167 1459 2388 1540 places
2403 1457 2471 1534 ⁸3
2516 1465 2589 1520 et
2620 1479 2776 1540 quae
2806 1477 2916 1539 per

485 1521 676 1648 Μαρια.
694 1560 1005 1645 Spiritum
1047 1568 1228 1623 tuum
1271 1561 1531 1643 placent
1578 1561 1791 1638 nobiS,
1836 1561 1955 1624 tibi
2007 1562 2263 1643 placent
2312 1561 2383 1622 in
2432 1561 2653 1623 nobis·
2754 1559 2915 1625 Quis

455 1647 572 1774 3⁸3·
691 1663 863 1724 enim
903 1663 1027 1724 scit
1064 1663 1396 1724 hominum
1435 1681 1574 1743 quoe
1609 1669 1765 1724 sunt
1804 1663 2101 1738 homini&
2141 1663 2271 1723 nisi
2314 1663 2597 1742 spiritus
2636 1662 2918 1722 hominis

455 1739 808 1849 2‚11⁰,'1'2‚qui
834 1764 908 1826 in
936 1764 1074 1843 ipso
1101 1771 1196 1827 est
1219 1761 1254 1823 ‚9
1299 1764 1394 1825 sic
1425 1771 1490 1826 et
1516 1783 1657 1846 quoe
1688 1764 1833 1848 Dei·
1860 1771 2017 1824 sunt
2054 1783 2237 1826 nemo
2272 1765 2417 1839 scit,
2446 1765 2585 1825 nisi
2623 1763 2918 1842 Spiritus

694 1865 844 1926 Dei.
933 1865 1070 1926 Nos
1103 1871 1347 1938 autem,
1377 1862 1610 1945 inquit,
1638 1883 1767 1924 non
1800 1864 2108 1942 spiritum
2146 1863 2342 1945 hujus
2383 1862 2627 1925 mundi
2666 1864 2915 1941 accepi-

693 1983 859 2039 muS,
901 1963 1016 2024 sed
1061 1964 1385 2042 Spiritum
1426 1965 1543 2045 qui
1579 1983 1665 2024 ex
1709 1963 1849 2024 Deo
1891 1969 2009 2038 est,
2052 1969 2127 2024 ut
2168 1965 2449 2025 sciamus
2496 1985 2646 2046 quae
2693 1985 2741 2024 a
2786 1963 2918 2024 Deo

695 2063 938 2125 donata
965 2070 1121 2125 sunt
1145 2062 1341 2124 nobis.
1397 2064 1489 2125 Et
1517 2061 1868 2124 admoneor
1892 2068 1966 2124 ut
1993 2061 2241 2125 dicam:
2286 2065 2328 2096 “
2355 2062 2547 2126 Certe
2578 2083 2777 2125 nemo
2804 2064 2918 2123 scit

694 2182 832 2245 quae
868 2163 1001 2225 Dei
1039 2170 1221 2238 sunt,
1246 2164 1378 2224 nisi
1423 2164 1715 2242 Spiritus
1750 2163 1901 2225 Dei.
1992 2162 2329 2234 Quomodo
2374 2184 2531 2244 ergo
2572 2163 2829 2226 scimus
2864 2171 2920 2224 et

695 2283 816 2325 nos
847 2283 992 2346 quae
1023 2284 1063 2326 a
1090 2262 1235 2324 Deo
1265 2261 1501 2325 donata
1541 2270 1691 2324 sunt
1724 2263 1914 2326 nobis
1934 2260 1996 2324 ?''
2056 2263 2513 2347 Respondetm·
2552 2263 2731 2325 mihi
2770 2284 2916 2347 quo-

695 2364 870 2426 niam
946 2384 1046 2425 uae
1123 2383 1190 2425 er
1217 2361 1270 2424 e'
1278 2383 1356 2424 us
1397 2363 1442 2425 S
1490 2361 1707 2424 iritum
1748 2363 1985 2426 scimus
2037 2363 2232 2426 etiam
2263 2364 2355 2426 sic
2384 2385 2575 2427 nemo
2614 2366 2749 2426 scit
2800 2366 2918 2425 nisi

461 2477 679 2534 Maelo,
700 2384 992 2548 Spiritsilos
1041 2382 1680 2529 Bei.JSicutPe11im
1724 2473 1894 2529 recte
1946 2410 2191 2529 dictum
2230 2475 2348 2546 est,
2391 2469 2544 2529 Non
2594 2410 2779 2530 enini
2824 2487 2915 2530 vos

458 2541 540 2589 ²⁰·
696 2570 848 2632 estis
893 2569 1008 2649 qui
1053 2567 1416 2648 loquimini,
1456 2565 1550 2627 eis
1595 2563 1709 2646 qui
1745 2564 1815 2626 in
1860 2565 1985 2626 Dei
2032 2565 2276 2648 Spiritu
2318 2567 2791 2651 loquerentur;
2832 2568 2914 2631 sic

695 2677 867 2733 recte
899 2667 1153 2744 dicitur,
1183 2671 1201 2701 ‘
1234 2670 1386 2731 Non
1416 2689 1533 2730 vos
1562 2667 1716 2730 estis
1746 2667 1859 2749 qui
1890 2668 2108 2746 scitis,’
2136 2669 2231 2732 eis
2262 2671 2375 2755 qui
2402 2671 2473 2732 in
2506 2671 2645 2733 Dei
2678 2672 2915 2755 Spiritu

697 2770 925 2832 sciunt.
1019 2768 1458 2832 Nihilominus
1494 2768 1693 2848 igitur
1730 2776 1901 2831 recte
1932 2767 2185 2847 dicitur,
2214 2772 2233 2803 ‘
2264 2772 2419 2834 Non
2457 2793 2581 2834 vos
2614 2773 2779 2836 estis
2816 2775 2917 2857 qui

697 2867 969 2946 videtis}
999 2867 1095 2929 eis
1125 2867 1238 2949 qui
1267 2868 1337 2930 in
1367 2868 1615 2950 Spiritu
1643 2868 1769 2930 Dei
1798 2867 2057 2930 vident:
2098 2869 2192 2932 ita
2220 2870 2542 2954 quidquid
2572 2873 2651 2933 in
2682 2873 2917 2956 Spiritu

701 2968 828 3031 Dei
871 2967 1092 3030 vident
1134 2968 1294 3050 qaia
1341 2965 1571 3029 bonum
1619 2974 1736 3042 est,
1780 2987 1915 3028 non
1949 2967 2100 3049 ipsi,
2140 2968 2253 3030 sed
2303 2970 2486 3032 Deus
2531 2971 2723 3035 videt
2772 2976 2918 3056 quia

702 3067 930 3131 buum
959 3075 1074 3130 est.
1139 3065 1338 3129 Aliud
1366 3087 1517 3147 ergo
1548 3072 1667 3141 est,
1687 3071 1762 3127 ut
1788 3073 1974 3148 putet
2000 3068 2275 3150 quisque
2302 3071 2546 3131 malum
2576 3092 2730 3134 esse
2754 3073 2919 3155 quod

700 3168 940 3229 bonum
972 3174 1090 3242 est,
1121 3168 1343 3251 quales
1375 3165 1725 3248 supradicti
1756 3173 1944 3242 sunt3
1990 3167 2186 3245 aliud,
2216 3174 2288 3230 ut
2318 3168 2495 3251 quod
2523 3171 2787 3234 bonum
2816 3182 2920 3250 est,

701 3267 917 3329 videat
946 3266 1142 3329 homo
1173 3269 1331 3349 quia
1360 3265 1591 3328 bonum
1621 3273 1746 3341 θείς
1782 3263 1975 3340 (sicut
2002 3267 2219 3330 multis
2250 3275 2360 3331 tua
2390 3278 2691 3333 creatura
2711 3273 2921 3354 placet

704 3368 861 3448 quia
902 3365 1063 3428 bona
1107 3373 1222 3443 est,
1265 3365 1501 3449 quibus
1537 3372 1751 3427 tamen
1792 3385 1925 3426 non
1967 3373 2039 3428 tu
2078 3367 2298 3449 places
2339 3369 2410 3429 in
2449 3390 2549 3448 ea,
2582 3370 2768 3434 unde
2806 3371 2920 3435 frui

704 3465 912 3545 magis
953 3465 1100 3548 ipsa
1145 3485 1332 3548 quam
1378 3473 1441 3528 te
1485 3465 1710 3528 volunt
1727 3468 1769 3544 ;)
1834 3464 2009 3527 aliud
2062 3474 2293 3545 autem,
2344 3475 2418 3530 ut
2466 3490 2623 3532 cum
2676 3471 2921 3555 aliquid

704 3562 878 3625 videt
915 3564 1110 3625 homo
1141 3567 1298 3645 quia
1326 3564 1557 3626 bonum
1598 3571 1715 3640 est,
1744 3566 1925 3628 Deus
1962 3566 2033 3626 in
2072 3566 2186 3628 illo
2224 3568 2443 3630 videat
2481 3572 2650 3651 quia
2692 3570 2918 3634 bonum
3002 3621 3004 3634 .

707 3671 836 3732 esu·
875 3673 948 3726 ut
975 3663 1223 3726 scilicet
1249 3664 1361 3725 ille
1389 3673 1633 3728 ametur
1658 3665 1729 3725 in
1759 3685 1834 3727 eo
1866 3666 2043 3748 quod
2069 3666 2223 3732 fecit
2240 3680 2280 3747 ⁸,
2303 3669 2415 3752 qui
2444 3690 2580 3731 non
2606 3681 2923 3735 asnaretm·
3002 3713 3004 3756 ἦ

713 3868 760 3910 et
776 3863 918 3925 nott.]
932 3861 1123 3926 quando
1134 3862 1310 3927 primus
1321 3877 1482 3910 eorum
1495 3862 1635 3910 homo
1646 3869 1776 3912 tene·
1842 3865 1969 3914 tione
1992 3866 2189 3930 ponetis.
2206 3868 2287 3916 sed
2302 3868 2354 3916 in
2368 3868 2517 3918 stellis
2538 3870 2777 3920 omnibus
2798 3871 2918 3920 colli·

712 3927 901 3974 brarum
922 3933 1107 3990 gentem
1130 3925 1370 3975 elementis
1397 3926 1646 3974 fallacibus
1675 3927 1777 3974 irri-
1841 3937 2002 3992 gutum
2024 3945 2125 3979 esee
2156 3930 2338 3990 dicatis,
2360 3932 2475 3996 quia
2496 3933 2734 3983 videlicet
2756 3935 2918 4000 princi-

713 3990 844 4046 tavit,
867 3991 1106 4054 utriusque
1130 4006 1269 4038 sexus
1290 3989 1577 4054 principibus
1603 3990 1776 4039 ibidem
1840 3992 1977 4067 pibus
1994 3994 2290 4044 tenebrarum
2304 3997 2735 4047 commixtumesse
2749 3999 2920 4047 creditis

712 4054 880 4119 captis,
902 4069 1011 4102 cum
1030 4069 1089 4102 ex
1111 4053 1178 4104 eis
1197 4054 1401 4102 muudus
1417 4063 1775 4112 construeretur,
1840 4071 1891 4104 m
1912 4056 1997 4105 illo
2018 4057 2162 4112 bello.
2180 4075 2275 4123 quo
2296 4060 2395 4124 ipse
2417 4060 2601 4124 primus
2615 4061 2771 4110 homo
2782 4071 2919 4112 vester

711 4117 955 4181 plerosque
993 4133 1152 4166 eorum
1190 4117 1239 4165 in
1279 4117 1555 4166 coelestibus
1589 4118 1775 4166 fabricis
1838 4135 1947 4168 cum
1980 4123 2277 4170 tenebrarum
2310 4131 2447 4186 gente
2484 4126 2752 4189 pugnavit,
2786 4135 2839 4174 ut
2868 4127 2919 4174 de

711 4180 972 4244 colligatos.
1024 4181 1150 4245 Aug.
1183 4197 1226 4229 c.
1261 4182 1419 4240 Faust.
1450 4181 1514 4230 vi.
1548 4183 1599 4230 8.
1666 4183 1776 4230 Nou
1840 4182 1947 4247 ipsis
1986 4185 2275 4251 principibus
2312 4188 2622 4236 tenebrarum
2666 4189 2762 4238 tali
2804 4206 2921 4240 com-

710 4245 998 4299 erubescitis,
1013 4260 1119 4292 cum
1134 4261 1216 4293 vos
1233 4245 1599 4293 commentitium
1616 4246 1776 4295 Chris·
1840 4247 2061 4296 mixtione
2090 4249 2239 4315 captis
2259 4251 2465 4300 mundus
2484 4251 2831 4304 fabricaretur.
2859 4255 2919 4302 ib.

711 4311 811 4354 tum
851 4317 1070 4362 vestrum,
1109 4309 1253 4356 filium
1293 4308 1600 4357 commentitii
1641 4310 1777 4383 primi
1848 4313 1923 4357 11.
1946 4315 1993 4359 5.

710 4370 909 4420 hominis
943 4371 1098 4428 vestri,
1131 4389 1224 4420 non
1249 4373 1338 4421 sub
1373 4372 1525 4422 stellae
1558 4374 1775 4422 testifica·
1903 4381 1932 4407 ²
1969 4376 2029 4422 Et
2056 4376 2265 4426 videmus
2300 4378 2419 4437 hec,
2439 4386 2487 4427 et
2520 4380 2561 4428 si
2596 4388 2675 4429 est
2710 4382 2761 4429 in
2797 4380 2923 4428 nobis
