3042 5059
983 372 1498 417 ARGUMENTUM.
2063 368 2077 373 “
2259 382 2341 425 xv

976 606 1194 659 LIBER
1231 608 1500 661 NONUS.

143 722 244 773 Uni
261 722 379 790 jam
406 724 526 775 Deo
551 724 727 778 vivere
753 726 991 790 studens,
1011 726 1316 781 Rhetoricae
1344 728 1752 797 professionem,
1778 730 1872 782 sed
1896 746 2002 781 non
2029 737 2153 783 ante
2166 738 2340 785 trans-

202 817 350 861 actas
377 810 728 864 vindemiales
753 812 915 865 ferias
956 828 1078 880 quae
1108 814 1354 882 proxime
1387 815 1675 878 instabant,
1704 816 1939 884 abjicere
1966 818 2177 869 statuit.
2251 819 2337 870 In-

199 897 362 948 terim
387 914 513 949 rure
549 898 853 952 cassiciaco
877 901 1018 969 apud
1047 900 1279 952 amicum
1305 901 1422 969 ejus
1445 902 1821 955 Verecundum
1847 905 1913 955 ad
1937 904 2333 973 percipiendam

123 1003 130 1008 ·
198 983 466 1049 Baptismi
489 986 721 1054 gratiam
753 1003 810 1037 se
843 994 1026 1055 parat3
1081 1004 1143 1039 ac
1179 988 1396 1039 tandem
1429 1004 1552 1039 cum
1576 989 1792 1058 Alypio,
1818 998 1874 1041 et
1898 991 2008 1043 filio
2034 1008 2133 1043 suo
2158 992 2332 1043 Adeo-

196 1070 324 1121 dato
347 1071 673 1140 baptizatur.
745 1074 860 1125 Nec
887 1074 1056 1125 multo
1071 1081 1214 1142 post,
1239 1074 1479 1127 Africam
1499 1083 1766 1144 repetens,
1792 1077 2001 1129 Ostiam
2025 1079 2191 1140 venit,
2206 1096 2329 1131 cum

194 1157 386 1209 amicis
436 1166 494 1209 et
542 1166 711 1211 matre
759 1161 1030 1222 Monnica,
1070 1161 1222 1229 cujus
1273 1161 1438 1213 vitam
1472 1168 1528 1212 et
1558 1169 1771 1215 sanctos
1808 1180 1983 1215 mores
2009 1164 2157 1225 brevi
2186 1182 2330 1217 com-

193 1244 395 1311 pendio
443 1246 682 1308 exhibet,
728 1260 952 1315 quaeque
1010 1247 1208 1299 ibidem
1267 1248 1595 1318 defungitur,
1653 1266 1792 1301 anno
1852 1251 2027 1304 aetatis
2076 1266 2189 1303 suae
2234 1249 2325 1313 56,

192 1330 494 1399 Augustini
515 1332 604 1385 33.
2228 1336 2326 1389 145

922 1540 1140 1591 LIBER
1175 1540 1527 1593 DECIMUS.

121 1654 586 1716 Quemadmodum
611 1657 874 1725 prioribus
900 1658 1076 1709 Libris
1101 1659 1327 1727 aperuit,
1354 1659 1527 1727 qualis
1565 1667 1686 1711 ante
1724 1666 2033 1727 perceptam
2066 1648 2321 1727 baptismi

185 1743 426 1811 gratiam
449 1744 630 1805 fuerit,
647 1745 703 1795 in
728 1745 830 1797 hoc
856 1752 1141 1808 scrutatur,
1163 1745 1334 1813 qualis
1359 1753 1503 1797 esset
1525 1762 1628 1813 quo
1647 1754 1886 1813 tempore
1904 1746 2019 1797 haec
2040 1745 2320 1797 scribebat.

183 1831 270 1879 Ac
296 1830 530 1897 primum
556 1847 614 1881 se
641 1832 814 1882 Deum
841 1849 1019 1883 amare
1043 1833 1339 1900 profitetur.
1413 1834 1553 1883 Tum
1575 1847 1695 1900 quae
1714 1833 1781 1883 ad
1800 1832 1975 1900 ipsum
1994 1848 2319 1901 cognoscen-
2386 1852 2391 1860 ’

187 1916 320 1965 dum
345 1916 577 1967 ineunda
603 1918 673 1968 sit
697 1919 782 1969 via
817 1918 1136 1985 disquirens,
1162 1936 1346 1970 omnes
1383 1919 1579 1970 animae
1613 1934 1725 1970 suae
1763 1918 2047 1971 facultates
2082 1917 2315 1981 lustrat3

187 2004 286 2053 sed
310 2002 364 2053 in
393 2003 580 2071 primis
604 2005 934 2067 memoriam,
960 2004 1112 2072 cujus
1137 2006 1242 2056 vim
1268 2005 1424 2073 plane
1441 2006 1757 2073 stupendam
1776 2004 2009 2067 exbibet,
2036 2005 2315 2072 Deumque

185 2088 242 2138 in
269 2089 392 2157 ipsa
414 2090 655 2142 habitare
679 2091 888 2160 dignari
911 2092 1164 2143 ostendit.
1239 2092 1444 2143 Deinde
1463 2092 1684 2158 inquirit
1708 2092 1763 2142 in
1788 2098 1959 2152 aetus,
1978 2090 2034 2141 in
2057 2106 2242 2142 sensus
2256 2097 2314 2141 et

184 2176 415 2255 affectus
442 2193 585 2239 suos,
601 2194 670 2231 ex
693 2178 890 2246 triplici
915 2178 1228 2239 tentatione,
1256 2178 1564 2246 voluptatis,
1584 2177 1907 2229 curiositatis
1931 2184 1986 2228 et
2012 2176 2311 2245 superbiae3

182 2270 239 2312 et
265 2263 396 2329 quid
433 2263 578 2315 circa
611 2281 1034 2332 unamquamque
1072 2264 1384 2332 praescribat
1419 2262 1773 2332 temperantia
1811 2264 2139 2325 Christiana,
2163 2262 2313 2313 lucu-

181 2348 366 2398 lentur
403 2350 576 2401 docet.
643 2352 781 2401 Tum
819 2352 884 2403 de
924 2350 1144 2401 Christo
1181 2351 1477 2401 Mediator-e
1515 2350 1747 2412 disserit,
1786 2350 1937 2418 cujus
1985 2366 2087 2419 ope
2124 2365 2309 2401 omnes

179 2435 382 2486 animae
408 2451 521 2487 suae
544 2436 824 2505 languores
851 2445 1094 2489 sanatum
1121 2437 1186 2488 iri
1207 2436 1442 2488 confidit.
2209 2432 2308 2486 168

845 2642 1062 2693 LIBER
1101 2640 1565 2693 UNDECIMUS.

107 2762 240 2823 Quae
266 2777 339 2813 ex
363 2762 614 2813 instituto
639 2762 861 2813 dicenda
885 2762 1250 2823 occurrebant,
1279 2776 1382 2827 quo
1407 2760 1623 2811 tandem
1642 2759 1801 2810 modo
1818 2758 1882 2809 ad
1903 2756 2091 2809 Officia
2109 2754 2303 2807 Divina

174 2850 492 2915 exequenda
515 2847 676 2898 fuerit
701 2849 1008 2915 perductus,
1035 2847 1250 2898 silentio
1274 2848 1539 2915 praeterit,
1566 2848 1741 2897 Deum
1770 2862 1839 2897 ex
1872 2861 1935 2895 eo
1972 2844 2299 2904 laudaturus,

171 2935 315 3000 quod
343 2935 638 3002 Scripturae
663 2949 774 2985 suae
798 2934 1052 2985 interiora
1077 2934 1274 2984 sensim
1303 2933 1352 2983 ei
1378 2932 1662 3000 aperuerit.
1735 2932 1960 2998 Moysen
1984 2946 2089 2980 non
2114 2928 2219 2979 nisi
2241 2927 2299 2977 in

173 3019 398 3070 Christo
422 3020 830 3089 intelligendum
856 3036 975 3071 esse
1000 3020 1214 3081 fatetur,
1237 3036 1302 3069 ne
1319 3018 1599 3071 exordium
1625 3017 1836 3084 quidem
1862 3016 1982 3067 libri
2007 3016 2298 3076 Geneseos‚

171 3108 236 3156 In
242 3105 510 3173 principio
511 3106 648 3171 feeit
667 3108 808 3157 Dens
830 3107 1005 3157 coelum
1022 3111 1072 3157 et
1091 3112 1292 3157 terram.
1335 3107 1416 3156 De
1437 3105 1520 3155 his
1540 3104 1825 3165 disserens,
1844 3102 2074 3154 occurrit
2092 3100 2299 3151 obtrec-

167 3193 432 3255 tantibus,
461 3197 501 3221 “
526 3192 650 3260 quid
676 3192 875 3244 faceret
910 3193 1057 3244 Deus
1067 3190 1369 3259 'antequam
1393 3190 1593 3243 coelum
1617 3198 1672 3241 et
1694 3197 1894 3241 terram
1920 3189 2201 3249 conderet3
2240 3194 2297 3237 et

165 3279 310 3329 unde
334 3279 386 3329 ei
411 3279 470 3329 in
494 3286 730 3329 mentem
764 3278 968 3329 venerit
1000 3280 1219 3331 tandem
1243 3277 1526 3345 aliquando
1551 3292 1617 3328 ea
1641 3275 1836 3338 facere,
1860 3292 1982 3327 cum
2007 3281 2164 3325 antea
2186 3289 2295 3323 non

166 3364 446 3415 fecisset.'’
520 3366 664 3415 Dum
699 3382 826 3415 vero
861 3364 928 3415 iis
964 3364 1272 3416 refellendis
1309 3364 1529 3426 insistit,
1566 3364 1632 3414 de
1677 3363 1943 3430 Tempore
1983 3360 2198 3429 copiose
2237 3370 2295 3415 et

167 3458 417 3503 accurate
444 3450 679 3502 disserit.
2185 3450 2292 3502 205

821 3654 1038 3707 LIBER
1076 3654 1583 3708 DUODECIMUS.

96 3774 256 3826 Primi
280 3775 560 3826 Geneseos
589 3774 838 3825 versiculi
863 3774 1360 3842 interpretationem
1397 3772 1753 3842 prosequitur,
1780 3774 1843 3823 In
1874 3773 2132 3841 principio
2152 3774 2291 3840 fecit

167 3864 306 3913 Deus
327 3862 512 3913 coelum
536 3866 588 3911 et
613 3866 798 3912 terram
814 3879 838 3919 ,-
879 3861 933 3911 in
959 3877 1061 3928 quo
1086 3860 1200 3911 coeli
1224 3860 1437 3911 nomine
1472 3859 1762 3928 significari
1798 3860 1954 3911 docet
1989 3868 2285 3912 creaturam

163 3947 308 4000 illam
333 3946 672 4014 spiritualem
697 3947 779 3998 vel
817 3946 1252 4009 intellectualem,
1279 3961 1398 4013 quae
1435 3945 1628 3997 faciem
1669 3946 1770 3997 Dei
1808 3962 2019 4014 semper
2051 3955 2289 3998 contem-

163 4032 372 4100 platur;
415 4039 572 4083 terrae
607 4040 784 4085 autem
819 4033 1074 4084 vocabulo
1111 4032 1393 4083 informem
1431 4032 1729 4093 materiam,
1754 4048 1819 4082 ex
1844 4049 1947 4099 qua
1970 4049 2145 4082 rerum
2171 4050 2287 4083 cor-

162 4134 442 4185 porearum
470 4118 678 4186 species
702 4119 918 4169 fuerunt
945 4119 1166 4187 posthac
1185 4117 1447 4169 formatae.
1519 4118 1717 4168 Verum
1746 4117 1875 4168 alias
1901 4117 2283 4185 interpretandi

162 4202 392 4255 rationes
431 4204 838 4271 haudquaquam
880 4205 1252 4272 improbandas
1291 4219 1440 4265 esse3
1497 4203 1606 4254 imo
1642 4219 1713 4255 ex
1756 4203 2045 4270 Scripturae
2090 4203 2285 4255 divinae

161 4290 524 4357 profunditate
556 4294 771 4340 sensum
797 4290 1146 4357 multiplicem
1183 4290 1294 4340 erui
1333 4306 1489 4357 posse
1528 4296 1583 4340 et
1618 4289 1827 4349 debere,
1853 4288 2108 4355 quinim0,
2134 4291 2285 4357 quid-

161 4377 283 4442 quid
308 4376 530 4427 omnino
554 4376 666 4427 veri
703 4376 756 4426 in
793 4376 908 4442 ejus
941 4376 1116 4427 verbis
1153 4375 1379 4427 inveniri
1418 4383 1617 4443 potest,
1655 4376 1709 4425 id
1746 4374 1799 4425 in
1836 4375 1902 4425 iis
1939 4392 2121 4429 revera
2159 4394 2283 4428 con-

162 4462 337 4524 tineri,
362 4462 667 4513 confitetur.
2178 4462 2284 4515 226
