3042 5059
661 311 778 369 114
1211 308 1276 371 S.
1323 306 1840 371 AUGUSTINI
1886 304 2303 369 EPISCOPI

653 462 991 525 dimittens
1023 464 1242 525 omnia
1282 471 1557 542 peccata
1596 470 1837 526 nostra.
1926 461 2057 533 Qui
2100 466 2315 525 autem
2348 460 2666 523 cothurno
2721 466 2851 521 tan·

415 580 542 629 Mat.
559 582 582 629 1
597 582 638 640 ι,
655 583 849 646 quam
877 561 1182 625 doctrinae
1211 561 1602 625 sublimioris
1628 562 1779 625 elati
1806 582 1939 623 non
1956 560 2227 624 audiunt
2245 558 2587 637 dicentem,
2609 560 2857 623 Discite

411 645 495 693 29.
653 686 699 726 a
727 686 830 727 me
857 666 1016 747 quia
1042 664 1224 725 mitis
1249 684 1392 723 sum
1431 671 1496 725 et
1534 665 1802 725 humilis
1840 662 2049 738 corde,
2078 670 2142 724 et
2185 664 2526 725 invenietis
2564 664 2847 745 requiem

413 764 559 815 R⁰¹¹²·
585 769 632 823 1,
645 764 990 827 animabus
1016 765 1269 825 vestris:
1321 762 1444 825 etsi
1469 771 1850 844 coquoscunt
1880 765 2121 841 Deum,
2140 784 2269 825 uon
2295 764 2465 825 sicut
2495 765 2849 827 Dominum

409 829 494 879 ²¹'
511 832 594 880 ²²⁹
641 868 1018 949 ylmwficant
1063 874 1186 929 aut
1228 869 1484 947 qratia&
1519 875 1726 949 ayunt
1737 893 1761 937 ,·
1828 868 1944 929 sed
1980 873 2366 930 evanescunt
2406 868 2482 927 in
2519 868 2850 946 coqitatio-

645 968 837 1031 nibus
863 970 1020 1044 suia,
1033 975 1098 1030 et
1118 966 1497 1031 obscuratur
1516 969 1831 1048 insapiens
1850 989 1959 1030 cor
1978 988 2197 1031 eorum
2210 992 2234 1037 ,·
2284 967 2570 1029 dicentes
2588 968 2765 1029 euim
2786 987 2849 1028 se

645 1091 778 1134 esse
803 1071 1147 1150 sapientes,
1175 1070 1364 1131 stulti
1371 1070 1560 1150 facti
1585 1077 1757 1131 sunt.

737 1174 835 1233 15.
881 1171 972 1233 Et
996 1168 1144 1233 ideo
1173 1170 1470 1249 legebam
1499 1168 1593 1243 ibi
1630 1170 2049 1235 immutatam
2092 1169 2287 1231 etiam
2317 1170 2595 1250 yloriam
2639 1170 2848 1229 incor-

642 1273 966 1352 ruptioni-3
995 1279 1121 1333 tuce
1163 1271 1236 1331 in
1273 1270 1452 1333 idola
1493 1278 1559 1333 et
1598 1273 1785 1333 varia
1822 1273 2201 1347 simulacra,
2230 1272 2302 1333 in
2344 1270 2844 1332 similitudinem

637 1374 948 1453 imaqinis
973 1370 1412 1451 corruptibilis
1439 1373 1740 1448 hominis,
1768 1380 1832 1435 et
1860 1374 2212 1448 volucrum,
2232 1379 2298 1434 et
2327 1370 2846 1454 quadrupedum,

403 1473 628 1533 (ἴω-25,
640 1480 707 1537 et
731 1480 1136 1553 serpentum-,-
1185 1470 1486 1535 videlicet
1501 1472 1892 1555 ,AEgyptium
1922 1467 2166 1535 cibum¹
2197 1492 2327 1554 quo
2356 1473 2541 1535 Esau
2566 1468 2849 1553 perdidit

401 1538 484 1589 33.
507 1540 585 1590 34.
637 1573 1064 1657 primogenita
1101 1593 1244 1636 sua:
1310 1572 1617 1656 quoniam
1661 1581 1861 1655 caput
1899 1572 2335 1656 quadrupedis
2373 1594 2491 1655 pro
2535 1580 2598 1635 te
2638 1573 2841 1635 hono-

409 1174 522 1225 Ver.
543 1176 629 1225 23.

397 1675 516 1787 ἔξω·
539 1678 589 1737 7.
636 1676 802 1737 ravit
837 1676 1118 1759 populus
1158 1673 1646 1756 primogenituS‚
1674 1694 2009 1737 conversus
2047 1673 2235 1736 corde
2264 1676 2337 1735 in
2366 1675 2751 1755 AEyyptum‚
2778 1680 2844 1733 et

399 1818 489 1865 Ex
512 1820 597 1875 32,
637 1796 906 1839 curvans
933 1774 1279 1855 imaginem
1309 1783 1504 1851 tuam,
1534 1774 1813 1837 animam
1842 1795 2023 1837 suam
2066 1782 2215 1838 ante
2256 1776 2606 1854 imaqinem
2649 1774 2843 1834 vituli

399 1883 611 1931 1—6·et
631 1876 1094 1939 manducantis
1127 1876 1392 1956 fenum.
1479 1874 1709 1937 Inveni
1765 1874 1908 1939 haec
1957 1876 2074 1952 ibi,
2125 1882 2191 1937 et
2244 1896 2376 1936 non
2432 1872 2839 1937 manducavi.

398 1946 479 2058 fg:
501 1948 618 2059 ᾆξ’
633 1976 885 2041 Placuit
933 1976 1106 2039 enim
1144 1974 1286 2053 tibi,
1315 1975 1617 2045 Domine,
1650 1975 1893 2039 auferre
1936 1976 2355 2059 opprobrium
2400 1974 2847 2038 diminutionis

397 2088 544 2141 Rom.
565 2093 617 2152 9,
632 2079 716 2142 ab
764 2079 996 2154 Jacob,
1041 2084 1114 2139 ut
1157 2077 1370 2161 major
1417 2078 1685 2140 serviret
1726 2079 1966 2139 minori
1976 2103 2000 2147 ;
2071 2084 2138 2140 et
2174 2076 2420 2140 vocasti
2471 2076 2718 2139 Gentes
2768 2075 2841 2137 in

399 2154 476 2203 13.
630 2178 1068 2242 haereditatem
1114 2186 1311 2242 tuam.
1399 2179 1492 2241 Et
1530 2198 1651 2259 ego
1694 2177 1780 2241 ad
1816 2186 1879 2241 te
1918 2198 2211 2241 veneram
2255 2199 2340 2240 ex
2386 2177 2738 2256 Gentibu3‚
2777 2184 2843 2239 et

628 2280 876 2345 intendi
927 2281 998 2343 in
1057 2300 1280 2343 aurum
1337 2278 1512 2363 quod
1572 2280 1653 2341 ab
1712 2280 2000 2361 AEgypto
2057 2278 2367 2340 voluisti·
2422 2284 2496 2340 ut
2564 2278 2841 2341 auferret

391 2387 574 2501 {2¹12ss
627 2382 912 2465 populus
942 2388 1109 2459 tuna,
1128 2379 1432 2464 quoniam
1462 2387 1641 2443 tuum
1672 2385 1827 2457 erat,
1844 2379 2237 2462 ubicumque
2268 2385 2419 2441 erat.
2486 2379 2579 2441 Et
2606 2378 2837 2441 dixisti

395 2517 473 2572 η’
489 2517 538 2565 ²⁰
695 2564 710 2601 ¹
729 2566 1026 2615 Lenticulam
1047 2565 1310 2614 invenimus
1321 2564 1476 2612 cibum
1491 2578 1593 2613 esse
1606 2566 1699 2613 AE·
1765 2564 1834 2614 sic
1857 2564 2077 2613 doctrinae
2098 2580 2260 2613 omnes
2280 2564 2522 2627 gentilium
2552 2577 2650 2611 non
2681 2562 2836 2611 solum

631 2631 913 2695 gyptiorum,
933 2645 1041 2677 narn
1066 2630 1134 2677 ibi
1157 2630 1366 2677 abundat
1388 2628 1437 2675 in
1456 2630 1668 2693 AEgypto
1679 2647 1694 2687 3
1764 2629 1983 2678 simulata
2006 2637 2055 2677 et
2074 2628 2389 2693 superstitiosa
2409 2630 2631 2700 figmenta
2645 2640 2836 2689 graves-

631 2695 756 2767 ⁰¹²·‘¹⁶
811 2694 1138 2768 m²g⁰³¹5⁰²²¹³
1191 2694 1206 2741 ¹
1210 2692 1693 2806 ⁰⁰3²?25..:2¹.{²:?;².·
1762 2709 1869 2805 ‘¹:52
1878 2692 2624 2807 ⁵3⁶Jz²²312¹²1¹32222ff5i¹²3323
2636 2691 2837 2805 ¹81?ssssss

630 2758 784 2813 dmm,
819 2765 868 2805 et
899 2766 1024 2805 vemt
1060 2772 1208 2821 usque
1241 2772 1270 2805 a
1684 2792 1698 2813 ’
1762 2774 1823 2871 de
1848 2774 2068 2872 societaiie
2089 2774 2335 2886 gglntilium
2356 2794 2535 2877 exiens,
2548 2820 2697 2869 debet
2718 2819 2836 2867 abo·

663 2820 766 2870 nasi
787 2821 862 2869 hic
884 2837 978 2869 non
1010 2830 1232 2870 nascamr
1261 2820 1505 2869 lenticula.
1573 2822 1700 2885 Ergo

629 2836 762 2935 §hau
779 2885 1087 2935 desiderando
1109 2886 1268 2936 cibum
1281 2886 1583 2950 AEgyptium,
1594 2902 1698 2950 per-

631 2950 750 2999 didit
772 2952 1042 3016 primatum.
1109 2951 1186 2999 Sic
1219 2958 1266 2998 et
1301 2966 1361 3015 po
1397 2950 1504 2999 ulus
1527 2950 1696 2999 Judae-

628 3030 761 3063 orum
800 3016 861 3065 de
897 3032 992 3079 quo
1027 3016 1206 3065 dictum
1239 3024 1327 3071 est,
1389 3017 1565 3064 onvern‘
1586 3027 1694 3064 eum

627 3084 758 3129 corde
788 3083 840 3128 in
881 3080 1144 3145 AEgyptum,
1167 3079 1436 3128 lenticulam
1467 3080 1697 3143 quodam-

628 3144 770 3192 modo
791 3143 1189 3200 desideraverunt,
1203 3151 1251 3191 et
1273 3145 1520 3207 primatum
1578 3143 1695 3191 erdi-

627 3208 813 3255 derunt.
846 3208 975 3271 Aug.
998 3208 1046 3255 in
1071 3209 1151 3255 Ps.
1177 3210 1258 3255 46.
1278 3223 1326 3255 n.
1349 3208 1396 3255 6.
1419 3207 1525 3269 [ed.
1594 3207 1695 3270 en.]

691 3275 731 3305 ¹¹²
751 3270 978 3333 Quisquis
991 3272 1142 3319 bonus
1156 3286 1381 3333 verusque
1393 3271 1690 3321 Christianus

628 3343 715 3392 est,
730 3335 923 3381 Domini
945 3334 1017 3382 sui
1038 3333 1690 3399 esseintelligat,ubicumque

626 3398 872 3453 invenerit,
921 3398 1180 3449 veritatem.
1247 3400 1378 3462 Aug.
1417 3399 1478 3448 do
1520 3402 1690 3449 Doctr.

628 3462 807 3511 Christ.
833 3464 878 3510 1.
912 3462 962 3510 ii.
995 3478 1037 3511 c.
1077 3465 1154 3511 18.
1221 3463 1494 3528 Philosophi
1530 3472 1691 3512 autem

626 3526 708 3589 qui
739 3534 981 3581 vocantur,
1015 3527 1055 3575 si
1087 3542 1183 3591 qua
1213 3526 1330 3575 forte
1363 3543 1474 3577 vera
1505 3537 1553 3577 et
1584 3528 1691 3577 fidei

625 3598 794 3637 nostrae
829 3592 1180 3639 accommodata
1211 3591 1445 3650 dixerunt,
1488 3594 1692 3641 maxime

630 3654 873 3710 Platonici,
916 3670 1008 3703 non
1053 3655 1205 3703 solum
1248 3656 1545 3704 formidanda
1596 3673 1692 3705 non

624 3726 750 3776 sunt,
773 3720 854 3767 sed
880 3720 939 3767 ab
962 3719 1029 3767 eis
1057 3720 1196 3768 etiam
1231 3728 1470 3783 tamquam
1506 3720 1691 3785 injustis

623 3784 959 3847 possessoribus
978 3784 1026 3831 in
1053 3799 1185 3833 usum
1215 3793 1422 3833 nostrum
1453 3785 1691 3833 vindican-

623 3847 704 3895 da.
792 3848 926 3897 Sicut
973 3849 1094 3896 enim
1141 3849 1357 3913 AEgyptii
1401 3865 1494 3897 non
1539 3850 1691 3897 solum

622 3912 749 3962 idola
771 3912 1010 3961 habebant
1038 3922 1087 3961 et
1117 3928 1262 3961 onera
1287 3914 1448 3975 gravia
1469 3928 1578 3976 quae
1601 3929 1684 3978 po-

621 3978 762 4041 pulus
785 3978 934 4025 Israel
965 3977 1268 4026 detestaretur
1300 3985 1345 4024 et
1381 3978 1578 4039 fugeret,
1601 3978 1683 4026 sed

621 4042 762 4091 etiam
783 4058 895 4090 vasa
917 4050 1058 4105 atque
1093 4050 1366 4090 ornamenta
1398 4042 1458 4089 de
1490 4058 1604 4089 auro
1636 4050 1684 4089 et

623 4115 831 4165 argento,
867 4116 915 4155 et
958 4114 1154 4161 vestem,
1197 4122 1304 4169 quae
1349 4106 1430 4153 ille
1479 4106 1683 4171 populus

621 4169 781 4218 exiens
799 4170 860 4217 de
885 4171 1116 4245 AEgypto‚
1140 4169 1226 4217 sibi
1257 4169 1409 4232 potius
1441 4178 1682 4232 tamquam

622 4236 682 4281 ad
715 4248 849 4282 usum
884 4235 1122 4281 meliorem
1157 4233 1374 4281 clanculo
1405 4234 1681 4290 vindicavit,

620 4310 712 4345 non
760 4298 1033 4345 auctoritate
1071 4298 1270 4362 propria,
1315 4297 1398 4345 sed
1443 4306 1681 4362 proecepto

621 4360 734 4413 Dei,
759 4361 870 4424 ipsis
905 4361 1146 4423 AEgypt'iis
1182 4360 1443 4410 nescienter
1475 4376 1681 4409 commo-

615 4423 838 4471 dantibus
857 4440 932 4477 ea,
949 4424 1120 4485 quibus
1138 4440 1232 4472 non
1255 4426 1374 4473 bene
1401 4427 1679 4477 utebantur:

1762 2888 1930 2935 minari
1969 2896 2109 2948 atque
2147 2885 2371 2943 devitare,
2410 2885 2491 2933 sed
2528 2884 2674 2933 etiam
2714 2884 2833 2932 libe-

1762 2952 1885 2999 rales
1922 2950 2190 3017 disciplinas
2220 2952 2323 2999 usui
2365 2948 2571 2997 veritatis
2606 2948 2832 3013 aptiores,

1758 3023 1806 3063 et
1836 3016 2053 3079 quaedam
2093 3030 2276 3062 morum
2310 3021 2543 3080 pra-,cepta
2577 3012 2833 3061 utilissima

1758 3082 2017 3136 continent,
2039 3078 2191 3143 deque
2214 3079 2315 3143 ipso
2348 3094 2445 3126 uno
2481 3078 2589 3125 Deo
2626 3076 2833 3125 colendo

1761 3144 1987 3192 nonnulla
2002 3158 2113 3192 vera
2124 3142 2427 3191 inveniuntur
2443 3142 2572 3206 apud
2583 3156 2685 3197 eos,
2701 3141 2835 3205 quod

1760 3223 1920 3257 eorum
1960 3216 2204 3271 tamquam
2246 3222 2412 3255 aurum
2457 3215 2503 3255 et
2557 3214 2833 3269 argentum,

1788 3272 1880 3321 uod
1904 3288 1998 3320 non
2023 3272 2110 3337 ipsi
2130 3272 2446 3329 instituerunt,
2462 3271 2544 3318 sed
2561 3270 2622 3317 de
2634 3269 2832 3333 quibus-

1754 3288 1863 3383 dam
1887 3334 2021 3400 quasi
2053 3335 2255 3383 metallis
2288 3336 2463 3384 diviuae
2502 3333 2831 3399 providentiae,

1754 3415 1864 3463 quoe
1893 3400 2066 3463 ubique
2101 3400 2257 3448 infusa
2284 3408 2369 3457 est,
2392 3407 2631 3455 eruerunt,
2650 3406 2698 3446 et
2732 3413 2833 3461 quo

1754 3480 1967 3529 perverse
1983 3473 2125 3527 atque
2144 3463 2362 3529 injuriose
2383 3464 2443 3511 ad
2462 3464 2692 3527 obsequia
2726 3464 2834 3510 dae-

1752 3544 1944 3578 monum
1966 3530 2241 3583 abutuntur,
2260 3544 2369 3577 cum
2390 3529 2451 3575 ab
2472 3542 2637 3577 eornm
2654 3525 2835 3576 misera

1754 3594 1973 3643 societate
1990 3608 2090 3641 sese
2112 3594 2273 3641 anima
2290 3600 2488 3656 separat,
2512 3592 2656 3639 debet
2674 3592 2738 3638 ab
2762 3592 2835 3641 eis

1754 3658 1933 3707 auferre
1954 3657 2249 3706 Christianus
2265 3657 2327 3705 ad
2349 3672 2481 3705 usum
2502 3656 2687 3721 justum
2706 3670 2837 3719 prae-

1752 3721 1939 3770 dicandi
1979 3721 2235 3785 Evangelii.
2262 3753 2275 3766 .
2301 3754 2315 3769 .
2340 3755 2355 3769 .
2382 3722 2505 3768 Nam
2542 3718 2659 3783 quid
2692 3718 2835 3767 aliud

1756 3784 1965 3835 fecerunt
1977 3786 2111 3833 multi
2128 3785 2241 3833 boni
2261 3784 2426 3833 fideles
2438 3784 2613 3833 nostri!
2650 3784 2835 3833 Nonne

1756 3850 2043 3915 adspicimus
2075 3858 2253 3923 quanto
2290 3865 2405 3897 auro
2442 3858 2491 3897 et
2534 3856 2734 3911 argento
2782 3856 2835 3895 et

1750 3927 1878 3963 veste
1921 3914 2253 3963 suffarcinatus
2295 3913 2459 3962 exierit
2501 3913 2561 3961 de
2604 3914 2831 3975 AEgypto

1752 3978 2017 4043 Cyprianus
2038 3978 2200 4026 doctor
2228 3977 2531 4025 suavissimus
2562 3984 2611 4024 et
2646 3984 2834 4039 martyr

1748 4043 2071 4091 beatissimus?
2102 4049 2279 4105 quanto
2302 4040 2609 4099 Lactantius;
2646 4049 2833 4103 quanto

1748 4106 2033 4164 Victorinus,
2050 4109 2275 4171 Optatus,
2301 4104 2529 4159 Hilarius,
2549 4112 2603 4152 ut
2626 4105 2687 4153 de
2702 4105 2826 4153 vivis

1746 4178 1961 4232 taceam3
2012 4180 2187 4235 quanto
2216 4168 2579 4217 innumerabiles
2614 4168 2825 4217 Graeci'!

1748 4235 1891 4291 Quod
1915 4235 2041 4299 prior
2058 4236 2157 4299 ipse
2178 4234 2471 4282 fidelissimus
2492 4233 2587 4281 Dei
2612 4232 2825 4281 famulus

1746 4298 1930 4347 Moi'ses
1950 4300 2141 4355 fecerat,
2158 4300 2217 4347 tle
2236 4313 2329 4363 quo
2344 4297 2573 4362 scriptum
2588 4305 2677 4351 est.
2692 4297 2824 4361 quod

1747 4364 2011 4412 “eruditus
2042 4364 2181 4412 fuerit
2214 4360 2339 4411 omni
2360 4362 2596 4426 sapientia
2629 4363 2822 4425 AEgyp-

1747 4426 1969 4476 tiorum.'’
2006 4428 2079 4477 Ib.
2108 4444 2148 4477 c.
2176 4429 2254 4475 40.
