3042 5059
665 377 752 437 30
1223 373 1289 437 S.
1335 372 1849 437 AUGUSTINI
1894 368 2312 436 EPISCOPI

669 550 864 613 quam
911 549 1234 593 eversores
1276 528 1685 593 vocarentur?
1775 528 2004 592 Eversi
2045 528 2237 611 plane
2279 527 2459 611 prius
2501 528 2626 610 ipsi
2681 534 2888 611 atque

665 631 968 714 perversi,
1001 630 1437 693 deridentibus
1479 652 1591 693 eos
1634 639 1699 695 et
1742 629 2195 694 seducentibus
2236 628 2574 693 fallacibus
2619 630 2887 693 occulte

669 732 1022 815 spiritibuS,
1047 732 1118 794 in
1148 753 1225 795 eo
1251 713 1399 815 ipso
1430 752 1560 815 quo
1589 730 1750 794 alios
1778 730 2035 795 irridere
2064 736 2282 793 amant
2309 737 2375 791 et
2402 728 2637 793 fallere.

494 834 592 883 lv.
757 840 815 897 7.
863 834 1042 897 Inter
1088 834 1210 896 hos
1259 854 1403 913 ege,
1451 832 1777 895 imbecilla
1832 840 1985 895 tunc
2046 838 2227 895 aetate
2288 828 2617 894 discebam
2672 831 2885 892 libros

429 897 634 1011 {vigan-
667 936 1070 1020 eloquentiae,
1127 936 1198 997 in
1263 920 1392 1019 qua
1457 933 1735 997 eminere
1794 932 2135 1015 cupiebam
2199 932 2329 993 fine
2394 930 2750 995 damnabili
2819 940 2886 994 et

433 1028 626 1100 Qieero-
665 1046 930 1101 ventoso
958 1058 1075 1119 per
1104 1034 1338 1119 gaudia
1357 1034 1659 1099 vanitatis
1686 1034 2014 1111 humanae3
2060 1042 2126 1097 et
2151 1034 2387 1097 usitato
2407 1031 2546 1117 jam
2576 1031 2882 1095 discendi

428 1106 605 1204 gidalsii
667 1137 886 1201 ordine
923 1158 1334 1221 perveneram
1373 1136 1444 1199 in
1483 1136 1719 1199 librum
1762 1135 2104 1220 quemdam
2139 1134 2490 1211 CiceroniS,
2522 1134 2710 1218 cujus
2754 1133 2877 1195 lin-

425 1219 648 1332 ’aligffieff
667 1260 857 1319 guam
906 1239 1034 1301 fere
1082 1258 1303 1301 omnes
1349 1238 1677 1316 mirantm,
1719 1246 1951 1322 pectus
1998 1258 2129 1302 non
2177 1237 2288 1299 ita.
2380 1235 2512 1300 Sed
2553 1236 2719 1299 liber
2766 1236 2878 1301 ille

426 1347 631 1423 philoso-
663 1340 870 1422 ipsius
919 1338 1429 1403 exhortationem
1481 1338 1768 1403 continet
1816 1338 1900 1402 ad
1947 1338 2448 1423 philosophiam,
2492 1346 2559 1403 et
2604 1346 2878 1401 vocatur

427 1412 570 1477 ¹³¹¹¹ae'
663 1442 734 1503 Η
739 1440 1072 1504 ortensiuS.
1160 1441 1280 1503 Ille
1324 1459 1473 1502 vero
1515 1439 1679 1502 liber
1726 1440 1999 1503 mutavit
2046 1441 2345 1503 affectum
2394 1460 2627 1515 meum,
2674 1446 2743 1501 et
2795 1436 2879 1500 ad

661 1540 959 1624 teipsum,
989 1540 1290 1617 Domine,
1319 1540 1590 1603 mutavit
1629 1561 1854 1623 preces
1896 1560 2095 1619 meas,
2136 1547 2202 1603 et
2240 1545 2391 1601 vota
2433 1560 2509 1602 ac
2553 1538 2878 1601 desideria

659 1663 806 1707 mea
861 1642 1017 1706 fecit
1072 1641 1216 1705 alia.
1305 1640 1513 1705 Viluit
1568 1640 1730 1705 mihi
1784 1650 2045 1725 repente
2102 1640 2313 1703 omnis
2362 1660 2529 1703 vana
2587 1661 2763 1723 speS‚
2816 1647 2880 1701 et

658 1745 1194 1809 immortalitatem
1233 1744 1565 1827 sapientiae
1600 1746 2139 1829 concupiscebam
2169 1751 2329 1807 aestu
2357 1742 2569 1809 cordis
2598 1742 2877 1807 incredi-

659 1847 814 1923 bili3
867 1854 932 1909 et
974 1866 1228 1927 surgere
1274 1866 1595 1929 coeperam
1638 1856 1710 1910 ut
1758 1847 1841 1911 ad
1885 1855 1949 1909 te
1990 1846 2278 1909 redirem.
2369 1847 2523 1908 Non
2568 1845 2745 1907 enim
2794 1844 2877 1907 ad

660 1946 1014 2011 acuendam
1043 1947 1352 2027 linguam,
1383 1946 1560 2030 quod
1586 1946 1849 2011 videbar
1876 1969 2081 2011 emere
2112 1944 2415 2011 maternis
2444 1947 2878 2024 mercedibus,

660 2070 810 2111 cum
840 2068 1092 2129 agerem
1121 2070 1359 2111 annum
1391 2049 1594 2113 aetatis
1623 2048 2199 2131 undevigesimum,
2210 2048 2349 2133 jam
2370 2049 2669 2113 defuncto
2691 2057 2877 2132 patre

661 2159 807 2215 ante
857 2150 1222 2213 biennium:
1274 2171 1407 2213 non
1457 2171 1610 2232 ergo
1662 2150 1745 2215 ad
1794 2150 2148 2215 acuendam
2189 2152 2477 2233 linguam
2520 2151 2876 2215 referebam

658 2252 841 2315 illum
883 2251 1154 2329 librum3
1197 2272 1408 2336 neque
1451 2250 1614 2315 mihi
1655 2251 2068 2330 locutionem,
2114 2251 2228 2315 sed
2273 2251 2447 2336 quod
2489 2254 2878 2337 loquebatur

657 2361 1074 2437 persuaserat.

749 2460 809 2518 8.
856 2454 1193 2529 Quomodo
1239 2454 1560 2532 ardebam,
1588 2455 1770 2519 Deus
1814 2478 2015 2534 meuS,
2061 2456 2384 2541 quomodo
2430 2455 2734 2519 ardebam
2778 2476 2871 2517 re·

659 2559 872 2621 volare
918 2579 957 2620 a
998 2556 1259 2621 terrenis
1303 2555 1387 2620 ad
1429 2566 1536 2633 te3
1590 2566 1656 2621 et
1696 2559 2063 2623 nesciebam
2109 2558 2267 2644 quid
2312 2578 2533 2641 ageres
2576 2552 2869 2619 mecum!

659 2658 856 2743 Apud
895 2666 960 2721 te
1005 2666 1102 2725 est
1145 2658 1316 2722 enim
1361 2658 1693 2742 sapientia.
1780 2660 1978 2723 Amor
2014 2668 2226 2727 autem
2266 2660 2596 2745 sapientiae
2634 2678 2873 2721 nomen

661 2762 964 2824 Graecum
1005 2761 1203 2824 habet
1244 2756 1594 2840 φιλοσοφίαν,
1640 2782 1769 2845 quo
1813 2783 1915 2825 me
1964 2762 2399 2827 accendebant
2448 2763 2577 2825 illae
2621 2762 2867 2825 litterae.

663 2862 829 2927 Sunt
878 2862 990 2946 qui
1037 2862 1350 2925 seducant
1394 2882 1518 2943 per
1556 2864 2053 2943 philosophiam,
2104 2885 2339 2945 magno
2392 2872 2457 2926 et
2514 2860 2760 2925 blando
2810 2868 2871 2922 et
2920 2928 2929 2937 ‚
3016 2820 3018 2855 2

659 2963 931 3026 honesto
958 2963 1216 3025 nomine
1246 2965 1603 3027 colorantes
1630 2972 1695 3027 et
1734 2962 2023 3028 fucantes
2064 2985 2301 3027 errores
2340 2986 2518 3028 suos:
2564 2970 2633 3026 et
2669 2982 2868 3045 prope

660 3086 882 3130 omnes
922 3065 1034 3149 qui
1075 3086 1160 3129 ex
1197 3064 1326 3127 illis
1362 3072 1429 3129 et
1471 3086 1666 3148 supra
1708 3065 2101 3147 temporibus
2142 3067 2303 3129 tales
2344 3074 2543 3143 erant,
2570 3072 2870 3127 notantur

659 3166 730 3228 in
757 3186 834 3229 eo
863 3166 1026 3229 libro
1057 3174 1122 3228 et
1148 3165 1688 3244 demonstrantur3
1734 3175 1800 3230 et
1824 3168 2263 3233 manifestatur
2288 3169 2382 3233 ibi
2410 3169 2738 3233 salutifera
2761 3168 2869 3230 illa

663 3268 1014 3333 admonitio
1058 3268 1332 3352 Spiritus
1375 3270 1469 3333 tui
1518 3292 1637 3353 per
1685 3292 1933 3335 servum
1991 3282 2171 3337 tuum
2227 3275 2471 3345 bonum
2528 3280 2594 3336 et
2644 3272 2863 3356 pium:

427 3384 537 3433 Col.
557 3384 608 3439 2,
680 3370 898 3433 Videte
950 3390 1033 3432 ue
1087 3370 1234 3452 quis
1289 3390 1393 3435 vos
1449 3371 1735 3453 decipiat
1779 3394 1908 3455 per
1950 3376 2423 3455 philosophiam
2480 3380 2547 3436 et
2602 3375 2864 3435 inanem

660 3472 1114 3549 seductionem,
1141 3472 1486 3535 secundum
1526 3474 1945 3537 traditionem
1981 3476 2336 3552 hominum,
2364 3472 2719 3537 secuudum
2746 3476 2864 3535 ele-

661 3580 882 3636 menta
931 3572 1128 3654 hujus
1173 3574 1427 3651 mwndi,
1469 3582 1537 3637 el
1586 3596 1715 3638 nori
1764 3576 2113 3639 secuudum
2166 3577 2497 3639 Christum
2510 3599 2534 3645 ;
2587 3578 2747 3659 quia
2795 3578 2864 3637 in

660 3676 798 3754 ipso
840 3672 1171 3737 inhabitat
1216 3676 1414 3737 omnis
1447 3678 1795 3756 plenitudo
1840 3678 2209 3739 divinitatis
2252 3679 2693 3757 corporaliter.
2780 3678 2866 3739 Et

661 3794 784 3855 ego
812 3774 924 3836 illo
953 3783 1258 3856 tempore,
1290 3776 1417 3839 scis
1445 3784 1537 3855 tu,
1567 3778 1785 3839 lumen
1814 3776 2027 3841 cordis
2058 3777 2207 3857 mei,
2240 3778 2545 3862 quoniam
2580 3776 2864 3842 nondum

659 3874 820 3937 mihi
848 3875 990 3939 haec
1021 3876 1374 3959 apostolica
1400 3884 1555 3943 nota
1584 3886 1796 3956 erant3
1839 3879 1966 3943 hoc
1994 3888 2209 3943 tamen
2240 3882 2377 3944 solo
2406 3878 2773 3943 delectabar
2798 3879 2863 3941 in

659 3978 772 4041 illa
799 3979 1266 4059 exhortatione,
1290 3982 1466 4066 quod
1493 4004 1625 4045 non
1652 3982 1829 4047 illam
1860 3990 1970 4046 aut
1995 3983 2173 4047 illam
2202 3990 2463 4061 sectam,
2495 3982 2609 4047 sed
2636 3984 2861 4067 ipsam,

661 4101 1082 4166 quaecumque
1125 4091 1316 4162 esset,
1357 4084 1739 4168 sapientiam
1780 4092 1854 4148 ut
1896 4083 2248 4167 diligerem,
2287 4093 2352 4151 et
2396 4105 2763 4170 quaererem,
2802 4091 2863 4146 et

657 4276 774 4317 tnrae
796 4270 1053 4330 nominant,
1066 4272 1379 4337 quamvisipsi
1395 4272 1605 4323 nesciant
1616 4272 1730 4338 quid
1793 4264 2029 4323 erroribus
2046 4274 2261 4324 aliorum.
2295 4275 2375 4323 De
2398 4276 2527 4323 Vera
2547 4274 2700 4339 Relig.
2719 4290 2765 4323 c.
2786 4274 2860 4322 40.

657 4334 720 4408 de
736 4349 785 4382 se
810 4342 976 4399 agatur
1002 4337 1131 4387 boni.
1199 4336 1288 4387 His
1312 4336 1485 4387 similes
1506 4344 1618 4386 suut
1647 4338 1731 4386 ho·
1797 4337 1919 4395 Quis
1939 4346 1972 4367 ‘⁶
1994 4338 2221 4387 eversori”
2243 4338 2411 4387 minari
2440 4340 2605 4388 saltem
2626 4339 2859 4387 audebat!

656 4412 822 4452 mines.
865 4400 948 4463 qui
991 4402 1196 4463 gaudent
1237 4400 1424 4451 miseriis
1459 4401 1639 4459 alienis,
1678 4410 1727 4451 et
1817 4418 1912 4467 quo
1937 4410 2143 4467 tempore
2174 4403 2437 4453 Donatista
2471 4403 2747 4465 valuerunt]
2775 4404 2859 4467 Ep.

657 4460 774 4511 risus
790 4462 957 4511 sibiae
989 4464 1170 4513 ludicra
1189 4465 1461 4531 spectacula
1485 4465 1724 4525 exhibent,
1818 4468 1879 4515 ad
1906 4466 2153 4533 Bonifac.)
2180 4469 2287 4518 185.
2310 4484 2357 4519 c.
2378 4471 2427 4520 4.
2449 4468 2547 4518 vid.
2576 4476 2625 4518 et
2653 4467 2737 4518 inf.
2764 4468 2796 4515 1.
2815 4484 2857 4515 v.

657 4525 732 4578 vol
771 4526 982 4579 exhiberi
1021 4529 1186 4579 volunt
1229 4534 1264 4559 “
1285 4529 1636 4580 eversionibus”
1678 4539 1727 4581 et
1788 4547 1834 4581 c.
1860 4532 1935 4581 12.
