<?xml version="1.0" encoding="UTF-8"?>
<!DOCTYPE html PUBLIC "-//W3C//DTD XHTML 1.0 Transitional//EN"
    "http://www.w3.org/TR/xhtml1/DTD/xhtml1-transitional.dtd">
<html xmlns="http://www.w3.org/1999/xhtml" xml:lang="en" lang="en">
 <head>
  <title>
</title>
<meta http-equiv="Content-Type" content="text/html;charset=utf-8" />
  <meta name='ocr-system' content='tesseract 3.04.00' />
  <meta name='ocr-capabilities' content='ocr_page ocr_carea ocr_par ocr_line ocrx_word'/>
</head>
<body>
  <div class='ocr_page' id='page_1' title='image "./confessionespos00dubogoog_0037.png"; bbox 0 0 3042 5059; ppageno 0'>
   <div class='ocr_carea' id='block_1_1' title="bbox 613 324 2299 407">
    <p class='ocr_par' dir='ltr' id='par_1_1' title="bbox 613 324 2299 407">
     <span class='ocr_line' id='line_1_1' title="bbox 613 324 2299 407; baseline 0.005 -8"><span class='ocrx_word' id='word_1_1' title='bbox 613 336 1336 403; x_wconf 80' lang='lat' dir='ltr'>coNFEssloNUM</span> <span class='ocrx_word' id='word_1_2' title='bbox 1380 340 1667 405; x_wconf 83' lang='lat' dir='ltr'>LIBER</span> <span class='ocrx_word' id='word_1_3' title='bbox 1710 324 1765 405; x_wconf 84' lang='lat'>1.</span> <span class='ocrx_word' id='word_1_4' title='bbox 2222 346 2299 407; x_wconf 68' lang='grc' dir='ltr'>ιο</span> 
     </span>
    </p>
   </div>
   <div class='ocr_carea' id='block_1_2' title="bbox 87 488 2530 1792">
    <p class='ocr_par' dir='ltr' id='par_1_2' title="bbox 87 488 2530 1692">
     <span class='ocr_line' id='line_1_2' title="bbox 91 488 2303 582; baseline 0.005 -29"><span class='ocrx_word' id='word_1_5' title='bbox 91 490 300 553; x_wconf 81' lang='lat' dir='ltr'>Poeta</span> <span class='ocrx_word' id='word_1_6' title='bbox 341 488 616 555; x_wconf 77' lang='lat' dir='ltr'><strong>dixisset</strong></span> <span class='ocrx_word' id='word_1_7' title='bbox 657 492 984 571; x_wconf 82' lang='lat' dir='ltr'>versibus3</span> <span class='ocrx_word' id='word_1_8' title='bbox 1031 502 1098 557; x_wconf 90' lang='lat' dir='ltr'>et</span> <span class='ocrx_word' id='word_1_9' title='bbox 1137 495 1250 559; x_wconf 91' lang='lat' dir='ltr'>ille</span> <span class='ocrx_word' id='word_1_10' title='bbox 1291 495 1551 561; x_wconf 88' lang='lat' dir='ltr'>dicebat</span> <span class='ocrx_word' id='word_1_11' title='bbox 1589 494 2001 575; x_wconf 87' lang='lat' dir='ltr'>laudabilius,</span> <span class='ocrx_word' id='word_1_12' title='bbox 2048 497 2121 561; x_wconf 91' lang='lat' dir='ltr'>in</span> <span class='ocrx_word' id='word_1_13' title='bbox 2172 520 2303 582; x_wconf 90' lang='lat' dir='ltr'>quo</span> 
     </span>
     <span class='ocr_line' id='line_1_3' title="bbox 87 591 2303 678; baseline 0.004 -23"><span class='ocrx_word' id='word_1_14' title='bbox 87 613 208 674; x_wconf 86' lang='lat' dir='ltr'>pro</span> <span class='ocrx_word' id='word_1_15' title='bbox 263 591 576 674; x_wconf 79' lang='lat' dir='ltr'>dignitate</span> <span class='ocrx_word' id='word_1_16' title='bbox 627 592 1017 659; x_wconf 81' lang='lat' dir='ltr'>adumbratae</span> <span class='ocrx_word' id='word_1_17' title='bbox 1069 616 1380 678; x_wconf 84' lang='lat' dir='ltr'>personoe,</span> <span class='ocrx_word' id='word_1_18' title='bbox 1429 597 1543 661; x_wconf 82' lang='lat' dir='ltr'>irae</span> <span class='ocrx_word' id='word_1_19' title='bbox 1601 618 1677 661; x_wconf 89' lang='lat' dir='ltr'>ac</span> <span class='ocrx_word' id='word_1_20' title='bbox 1738 595 1977 661; x_wconf 86' lang='lat' dir='ltr'>doloris</span> <span class='ocrx_word' id='word_1_21' title='bbox 2036 599 2303 663; x_wconf 82' lang='lat' dir='ltr'>similior</span> 
     </span>
     <span class='ocr_line' id='line_1_4' title="bbox 91 694 2301 779; baseline 0.002 -20"><span class='ocrx_word' id='word_1_22' title='bbox 91 695 366 759; x_wconf 78' lang='lat' dir='ltr'>affectus</span> <span class='ocrx_word' id='word_1_23' title='bbox 401 694 748 771; x_wconf 86' lang='lat' dir='ltr'>eminebat,</span> <span class='ocrx_word' id='word_1_24' title='bbox 776 696 990 759; x_wconf 89' lang='lat' dir='ltr'>verbis</span> <span class='ocrx_word' id='word_1_25' title='bbox 1032 698 1378 765; x_wconf 83' lang='lat' dir='ltr'>sententias</span> <span class='ocrx_word' id='word_1_26' title='bbox 1417 705 1837 779; x_wconf 87' lang='lat' dir='ltr'>congruenter</span> <span class='ocrx_word' id='word_1_27' title='bbox 1863 700 2301 764; x_wconf 77' lang='lat' dir='ltr'><strong>vestientibus,</strong></span> 
     </span>
     <span class='ocr_line' id='line_1_5' title="bbox 95 793 2433 884; baseline 0.003 -27"><span class='ocrx_word' id='word_1_28' title='bbox 95 793 355 877; x_wconf 90' lang='lat' dir='ltr'>thuid</span> <span class='ocrx_word' id='word_1_29' title='bbox 397 795 560 859; x_wconf 90' lang='lat' dir='ltr'>mihi</span> <span class='ocrx_word' id='word_1_30' title='bbox 600 795 782 873; x_wconf 90' lang='lat' dir='ltr'>illud,</span> <span class='ocrx_word' id='word_1_31' title='bbox 821 818 860 858; x_wconf 93' lang='lat' dir='ltr'>o</span> <span class='ocrx_word' id='word_1_32' title='bbox 900 819 1048 861; x_wconf 86' lang='lat' dir='ltr'>vera</span> <span class='ocrx_word' id='word_1_33' title='bbox 1089 798 1222 861; x_wconf 87' lang='lat' dir='ltr'>vita</span> <span class='ocrx_word' id='word_1_34' title='bbox 1263 820 1427 875; x_wconf 87' lang='lat' dir='ltr'>mea,</span> <span class='ocrx_word' id='word_1_35' title='bbox 1463 799 1645 863; x_wconf 89' lang='lat' dir='ltr'>Deus</span> <span class='ocrx_word' id='word_1_36' title='bbox 1688 821 1891 877; x_wconf 89' lang='lat' dir='ltr'>meus,</span> <span class='ocrx_word' id='word_1_37' title='bbox 1926 800 2101 884; x_wconf 91' lang='lat' dir='ltr'>quod</span> <span class='ocrx_word' id='word_1_38' title='bbox 2142 802 2305 865; x_wconf 89' lang='lat' dir='ltr'>mihi</span> <span class='ocrx_word' id='word_1_39' title='bbox 2416 798 2433 860; x_wconf 63' lang='grc' dir='ltr'>ι’.</span> 
     </span>
     <span class='ocr_line' id='line_1_6' title="bbox 91 896 2305 981; baseline 0.004 -24"><span class='ocrx_word' id='word_1_40' title='bbox 91 896 392 959; x_wconf 75' lang='lat' dir='ltr'>recitanti</span> <span class='ocrx_word' id='word_1_41' title='bbox 435 898 908 962; x_wconf 78' lang='lat' dir='ltr'>acclamabatur</span> <span class='ocrx_word' id='word_1_42' title='bbox 943 918 1076 981; x_wconf 84' lang='lat' dir='ltr'>prae</span> <span class='ocrx_word' id='word_1_43' title='bbox 1115 900 1332 963; x_wconf 86' lang='lat' dir='ltr'>multis</span> <span class='ocrx_word' id='word_1_44' title='bbox 1371 900 1713 963; x_wconf 60' lang='lat' dir='ltr'>coaetaneis</span> <span class='ocrx_word' id='word_1_45' title='bbox 1742 908 1809 963; x_wconf 91' lang='lat' dir='ltr'>et</span> <span class='ocrx_word' id='word_1_46' title='bbox 1834 902 2305 967; x_wconf 79' lang='lat' dir='ltr'>conlectoribus</span> 
     </span>
     <span class='ocr_line' id='line_1_7' title="bbox 91 995 2305 1067; baseline 0.003 -9"><span class='ocrx_word' id='word_1_47' title='bbox 91 995 294 1060; x_wconf 88' lang='lat' dir='ltr'>meis?</span> <span class='ocrx_word' id='word_1_48' title='bbox 345 998 581 1061; x_wconf 85' lang='lat' dir='ltr'>Nonne</span> <span class='ocrx_word' id='word_1_49' title='bbox 625 1019 776 1063; x_wconf 85' lang='lat' dir='ltr'>ecce</span> <span class='ocrx_word' id='word_1_50' title='bbox 818 998 932 1063; x_wconf 88' lang='lat' dir='ltr'>illa</span> <span class='ocrx_word' id='word_1_51' title='bbox 972 1000 1192 1065; x_wconf 87' lang='lat' dir='ltr'>omnia</span> <span class='ocrx_word' id='word_1_52' title='bbox 1231 1000 1444 1065; x_wconf 86' lang='lat' dir='ltr'>fumus</span> <span class='ocrx_word' id='word_1_53' title='bbox 1488 1009 1555 1065; x_wconf 92' lang='lat' dir='ltr'>et</span> <span class='ocrx_word' id='word_1_54' title='bbox 1595 1001 1855 1065; x_wconf 82' lang='lat' dir='ltr'>ventus?</span> <span class='ocrx_word' id='word_1_55' title='bbox 1904 1004 2087 1067; x_wconf 82' lang='lat' dir='ltr'>Itane</span> <span class='ocrx_word' id='word_1_56' title='bbox 2126 999 2305 1065; x_wconf 87' lang='lat' dir='ltr'>aliud</span> 
     </span>
     <span class='ocr_line' id='line_1_8' title="bbox 91 1098 2307 1184; baseline 0.005 -27"><span class='ocrx_word' id='word_1_57' title='bbox 91 1117 228 1159; x_wconf 88' lang='lat' dir='ltr'>non</span> <span class='ocrx_word' id='word_1_58' title='bbox 273 1107 408 1163; x_wconf 87' lang='lat' dir='ltr'>erat</span> <span class='ocrx_word' id='word_1_59' title='bbox 446 1098 562 1162; x_wconf 89' lang='lat' dir='ltr'>ubi</span> <span class='ocrx_word' id='word_1_60' title='bbox 607 1107 1006 1163; x_wconf 80' lang='lat' dir='ltr'>exerceretur</span> <span class='ocrx_word' id='word_1_61' title='bbox 1051 1100 1380 1182; x_wconf 82' lang='lat' dir='ltr'>ingenium</span> <span class='ocrx_word' id='word_1_62' title='bbox 1429 1109 1496 1165; x_wconf 90' lang='lat' dir='ltr'>et</span> <span class='ocrx_word' id='word_1_63' title='bbox 1539 1103 1765 1184; x_wconf 85' lang='lat' dir='ltr'>lingua.</span> <span class='ocrx_word' id='word_1_64' title='bbox 1813 1102 1999 1167; x_wconf 85' lang='lat' dir='ltr'>mea?</span> <span class='ocrx_word' id='word_1_65' title='bbox 2048 1102 2307 1167; x_wconf 79' lang='lat' dir='ltr'>Laudes</span> 
     </span>
     <span class='ocr_line' id='line_1_9' title="bbox 91 1200 2309 1289; baseline 0.003 -26"><span class='ocrx_word' id='word_1_66' title='bbox 91 1205 246 1276; x_wconf 84' lang='lat' dir='ltr'>tuae,</span> <span class='ocrx_word' id='word_1_67' title='bbox 293 1200 596 1277; x_wconf 86' lang='lat' dir='ltr'>Domine,</span> <span class='ocrx_word' id='word_1_68' title='bbox 641 1200 866 1265; x_wconf 88' lang='lat' dir='ltr'>laudes</span> <span class='ocrx_word' id='word_1_69' title='bbox 916 1210 1042 1265; x_wconf 80' lang='lat' dir='ltr'>tuae</span> <span class='ocrx_word' id='word_1_70' title='bbox 1090 1224 1206 1285; x_wconf 86' lang='lat' dir='ltr'>per</span> <span class='ocrx_word' id='word_1_71' title='bbox 1257 1204 1619 1286; x_wconf 74' lang='lat' dir='ltr'>Scripturas</span> <span class='ocrx_word' id='word_1_72' title='bbox 1661 1214 1804 1269; x_wconf 81' lang='lat' dir='ltr'>tuas</span> <span class='ocrx_word' id='word_1_73' title='bbox 1848 1203 2309 1289; x_wconf 80' lang='lat' dir='ltr'>suspenderent</span> 
     </span>
     <span class='ocr_line' id='line_1_10' title="bbox 91 1301 2307 1388; baseline 0.002 -26"><span class='ocrx_word' id='word_1_74' title='bbox 91 1301 432 1382; x_wconf 77' lang='lat' dir='ltr'>palmitem</span> <span class='ocrx_word' id='word_1_75' title='bbox 475 1301 684 1366; x_wconf 87' lang='lat' dir='ltr'>cordis</span> <span class='ocrx_word' id='word_1_76' title='bbox 725 1303 874 1379; x_wconf 88' lang='lat' dir='ltr'>mei,</span> <span class='ocrx_word' id='word_1_77' title='bbox 917 1312 985 1367; x_wconf 91' lang='lat' dir='ltr'>et</span> <span class='ocrx_word' id='word_1_78' title='bbox 1016 1325 1148 1366; x_wconf 91' lang='lat' dir='ltr'>non</span> <span class='ocrx_word' id='word_1_79' title='bbox 1191 1312 1518 1387; x_wconf 80' lang='lat' dir='ltr'>raperetur</span> <span class='ocrx_word' id='word_1_80' title='bbox 1560 1326 1676 1388; x_wconf 91' lang='lat' dir='ltr'>per</span> <span class='ocrx_word' id='word_1_81' title='bbox 1722 1305 1943 1369; x_wconf 81' lang='lat' dir='ltr'>inania.</span> <span class='ocrx_word' id='word_1_82' title='bbox 1989 1325 2307 1386; x_wconf 81' lang='lat' dir='ltr'>nugarum</span> 
     </span>
     <span class='ocr_line' id='line_1_11' title="bbox 92 1402 2307 1485; baseline 0.002 -22"><span class='ocrx_word' id='word_1_83' title='bbox 92 1402 303 1485; x_wconf 84' lang='lat' dir='ltr'>turpis</span> <span class='ocrx_word' id='word_1_84' title='bbox 351 1402 571 1485; x_wconf 85' lang='lat' dir='ltr'>praeda</span> <span class='ocrx_word' id='word_1_85' title='bbox 620 1403 1004 1467; x_wconf 74' lang='lat' dir='ltr'>volatilibus,</span> <span class='ocrx_word' id='word_1_86' title='bbox 1096 1406 1248 1468; x_wconf 93' lang='lat' dir='ltr'>Non</span> <span class='ocrx_word' id='word_1_87' title='bbox 1291 1405 1462 1471; x_wconf 86' lang='lat' dir='ltr'>enim</span> <span class='ocrx_word' id='word_1_88' title='bbox 1499 1428 1631 1469; x_wconf 90' lang='lat' dir='ltr'>uno</span> <span class='ocrx_word' id='word_1_89' title='bbox 1666 1405 1859 1471; x_wconf 85' lang='lat' dir='ltr'>modo</span> <span class='ocrx_word' id='word_1_90' title='bbox 1914 1406 2307 1471; x_wconf 86' lang='lat' dir='ltr'>sacrificatur</span> 
     </span>
     <span class='ocr_line' id='line_1_12' title="bbox 93 1505 970 1587; baseline 0 -20"><span class='ocrx_word' id='word_1_91' title='bbox 93 1505 676 1585; x_wconf 80' lang='lat' dir='ltr'>transgressoribus</span> <span class='ocrx_word' id='word_1_92' title='bbox 703 1506 970 1587; x_wconf 87' lang='lat' dir='ltr'>angelis.</span> 
     </span>
     <span class='ocr_line' id='line_1_13' title="bbox 183 1605 2530 1692; baseline 0.005 -25"><span class='ocrx_word' id='word_1_93' title='bbox 183 1609 288 1667; x_wconf 73' lang='lat'>28.</span> <span class='ocrx_word' id='word_1_94' title='bbox 338 1605 516 1678; x_wconf 85' lang='lat' dir='ltr'>Quid</span> <span class='ocrx_word' id='word_1_95' title='bbox 558 1615 768 1670; x_wconf 87' lang='lat' dir='ltr'>autem</span> <span class='ocrx_word' id='word_1_96' title='bbox 809 1606 1040 1669; x_wconf 91' lang='lat' dir='ltr'>mirum</span> <span class='ocrx_word' id='word_1_97' title='bbox 1083 1607 1258 1692; x_wconf 92' lang='lat' dir='ltr'>quod</span> <span class='ocrx_word' id='word_1_98' title='bbox 1298 1606 1368 1671; x_wconf 90' lang='lat' dir='ltr'>in</span> <span class='ocrx_word' id='word_1_99' title='bbox 1404 1608 1716 1673; x_wconf 76' lang='lat' dir='ltr'>vanitates</span> <span class='ocrx_word' id='word_1_100' title='bbox 1756 1608 1849 1672; x_wconf 89' lang='lat' dir='ltr'>ita</span> <span class='ocrx_word' id='word_1_101' title='bbox 1880 1608 2145 1687; x_wconf 85' lang='lat' dir='ltr'>ferebar,</span> <span class='ocrx_word' id='word_1_102' title='bbox 2172 1616 2239 1671; x_wconf 91' lang='lat' dir='ltr'>et</span> <span class='ocrx_word' id='word_1_103' title='bbox 2266 1628 2530 1682; x_wconf 80' lang='lat' dir='ltr'>axvnI.</span> 
     </span>
    </p>

    <p class='ocr_par' dir='ltr' id='par_1_3' title="bbox 93 1696 2464 1792">
     <span class='ocr_line' id='line_1_14' title="bbox 93 1696 2464 1792; baseline 0.001 -23"><span class='ocrx_word' id='word_1_104' title='bbox 93 1716 181 1782; x_wconf 86' lang='lat' dir='ltr'>te,</span> <span class='ocrx_word' id='word_1_105' title='bbox 226 1707 412 1769; x_wconf 91' lang='lat' dir='ltr'>Deus</span> <span class='ocrx_word' id='word_1_106' title='bbox 453 1728 656 1783; x_wconf 89' lang='lat' dir='ltr'>meus,</span> <span class='ocrx_word' id='word_1_107' title='bbox 694 1707 871 1771; x_wconf 87' lang='lat' dir='ltr'>ibam</span> <span class='ocrx_word' id='word_1_108' title='bbox 909 1708 1099 1785; x_wconf 82' lang='lat' dir='ltr'>foras,</span> <span class='ocrx_word' id='word_1_109' title='bbox 1143 1707 1402 1791; x_wconf 87' lang='lat' dir='ltr'>quando</span> <span class='ocrx_word' id='word_1_110' title='bbox 1446 1709 1610 1775; x_wconf 88' lang='lat' dir='ltr'>mihi</span> <span class='ocrx_word' id='word_1_111' title='bbox 1652 1709 1947 1774; x_wconf 88' lang='lat' dir='ltr'>imitandi</span> <span class='ocrx_word' id='word_1_112' title='bbox 1988 1730 2304 1792; x_wconf 90' lang='lat' dir='ltr'>propone·</span> <span class='ocrx_word' id='word_1_113' title='bbox 2322 1696 2464 1753; x_wconf 55' lang='grc' dir='ltr'>ΨΜ</span> 
     </span>
    </p>
   </div>
   <div class='ocr_carea' id='block_1_3' title="bbox 91 1758 2535 1893">
    <p class='ocr_par' dir='ltr' id='par_1_4' title="bbox 91 1758 2535 1893">
     <span class='ocr_line' id='line_1_15' title="bbox 91 1758 2535 1893; baseline 0 -20"><span class='ocrx_word' id='word_1_114' title='bbox 91 1809 332 1873; x_wconf 86' lang='lat' dir='ltr'>bantur</span> <span class='ocrx_word' id='word_1_115' title='bbox 388 1808 706 1885; x_wconf 80' lang='lat' dir='ltr'>homines,</span> <span class='ocrx_word' id='word_1_116' title='bbox 765 1809 878 1892; x_wconf 85' lang='lat' dir='ltr'>qui</span> <span class='ocrx_word' id='word_1_117' title='bbox 937 1809 1156 1893; x_wconf 88' lang='lat' dir='ltr'>aliqua</span> <span class='ocrx_word' id='word_1_118' title='bbox 1210 1810 1382 1873; x_wconf 88' lang='lat' dir='ltr'>facta</span> <span class='ocrx_word' id='word_1_119' title='bbox 1439 1832 1557 1873; x_wconf 89' lang='lat' dir='ltr'>sua</span> <span class='ocrx_word' id='word_1_120' title='bbox 1612 1831 1743 1873; x_wconf 86' lang='lat' dir='ltr'>non</span> <span class='ocrx_word' id='word_1_121' title='bbox 1800 1811 1989 1886; x_wconf 84' lang='lat' dir='ltr'>mala,</span> <span class='ocrx_word' id='word_1_122' title='bbox 2042 1809 2098 1873; x_wconf 92' lang='lat' dir='ltr'>si</span> <span class='ocrx_word' id='word_1_123' title='bbox 2158 1831 2305 1873; x_wconf 91' lang='lat' dir='ltr'>cum</span> <span class='ocrx_word' id='word_1_124' title='bbox 2319 1758 2535 1873; x_wconf 42' lang='lat'>2¹32?</span> 
     </span>
    </p>
   </div>
   <div class='ocr_carea' id='block_1_4' title="bbox 91 1902 2555 4534">
    <p class='ocr_par' dir='ltr' id='par_1_5' title="bbox 91 1902 2552 2703">
     <span class='ocr_line' id='line_1_16' title="bbox 93 1902 2507 2015; baseline 0 -44"><span class='ocrx_word' id='word_1_125' title='bbox 93 1910 494 1973; x_wconf 86' lang='lat' dir='ltr'>barbarismo</span> <span class='ocrx_word' id='word_1_126' title='bbox 536 1919 648 1973; x_wconf 89' lang='lat' dir='ltr'>aut</span> <span class='ocrx_word' id='word_1_127' title='bbox 685 1910 1046 1975; x_wconf 87' lang='lat' dir='ltr'>soloecismo</span> <span class='ocrx_word' id='word_1_128' title='bbox 1089 1912 1508 1988; x_wconf 83' lang='lat' dir='ltr'>enuntiarent,</span> <span class='ocrx_word' id='word_1_129' title='bbox 1546 1911 1914 1994; x_wconf 87' lang='lat' dir='ltr'>reprehensi</span> <span class='ocrx_word' id='word_1_130' title='bbox 1958 1908 2303 1973; x_wconf 88' lang='lat' dir='ltr'>confunde·</span> <span class='ocrx_word' id='word_1_131' title='bbox 2320 1902 2507 2015; x_wconf 51' lang='lat'>{222³</span> 
     </span>
     <span class='ocr_line' id='line_1_17' title="bbox 93 2011 2552 2095; baseline -0.002 -16"><span class='ocrx_word' id='word_1_132' title='bbox 93 2012 361 2087; x_wconf 85' lang='lat' dir='ltr'>bantu13</span> <span class='ocrx_word' id='word_1_133' title='bbox 407 2011 463 2073; x_wconf 91' lang='lat' dir='ltr'>si</span> <span class='ocrx_word' id='word_1_134' title='bbox 494 2020 704 2075; x_wconf 89' lang='lat' dir='ltr'>autem</span> <span class='ocrx_word' id='word_1_135' title='bbox 731 2011 1035 2076; x_wconf 89' lang='lat' dir='ltr'>libidines</span> <span class='ocrx_word' id='word_1_136' title='bbox 1065 2033 1212 2076; x_wconf 88' lang='lat' dir='ltr'>suas</span> <span class='ocrx_word' id='word_1_137' title='bbox 1239 2013 1504 2094; x_wconf 85' lang='lat' dir='ltr'>integris</span> <span class='ocrx_word' id='word_1_138' title='bbox 1535 2022 1599 2076; x_wconf 94' lang='lat' dir='ltr'>et</span> <span class='ocrx_word' id='word_1_139' title='bbox 1622 2013 1741 2075; x_wconf 88' lang='lat' dir='ltr'>rite</span> <span class='ocrx_word' id='word_1_140' title='bbox 1764 2012 2303 2095; x_wconf 88' lang='lat' dir='ltr'>consequentibus</span> <span class='ocrx_word' id='word_1_141' title='bbox 2317 2032 2552 2091; x_wconf 62' lang='lat' dir='ltr'>gramma·</span> 
     </span>
     <span class='ocr_line' id='line_1_18' title="bbox 95 2090 2535 2196; baseline 0.002 -23"><span class='ocrx_word' id='word_1_142' title='bbox 95 2112 308 2175; x_wconf 90' lang='lat' dir='ltr'>verbis</span> <span class='ocrx_word' id='word_1_143' title='bbox 329 2112 594 2195; x_wconf 89' lang='lat' dir='ltr'>copiose</span> <span class='ocrx_word' id='word_1_144' title='bbox 613 2122 958 2196; x_wconf 87' lang='lat' dir='ltr'>ornateque</span> <span class='ocrx_word' id='word_1_145' title='bbox 976 2120 1318 2193; x_wconf 85' lang='lat' dir='ltr'>narrarent,</span> <span class='ocrx_word' id='word_1_146' title='bbox 1338 2113 1580 2178; x_wconf 87' lang='lat' dir='ltr'>laudati</span> <span class='ocrx_word' id='word_1_147' title='bbox 1601 2111 2065 2196; x_wconf 75' lang='lat' dir='ltr'>gloriabantur?</span> <span class='ocrx_word' id='word_1_148' title='bbox 2104 2112 2305 2177; x_wconf 87' lang='lat' dir='ltr'>Vides</span> <span class='ocrx_word' id='word_1_149' title='bbox 2317 2090 2535 2195; x_wconf 50' lang='lat' dir='ltr'>{fflssunm&#39;</span> 
     </span>
     <span class='ocr_line' id='line_1_19' title="bbox 91 2208 2504 2297; baseline -0.001 -18"><span class='ocrx_word' id='word_1_150' title='bbox 91 2212 260 2291; x_wconf 84' lang='lat' dir='ltr'>haec,</span> <span class='ocrx_word' id='word_1_151' title='bbox 291 2214 600 2290; x_wconf 90' lang='lat' dir='ltr'>Domine,</span> <span class='ocrx_word' id='word_1_152' title='bbox 643 2223 708 2279; x_wconf 90' lang='lat' dir='ltr'>et</span> <span class='ocrx_word' id='word_1_153' title='bbox 745 2223 941 2292; x_wconf 75' lang='lat' dir='ltr'>taces,</span> <span class='ocrx_word' id='word_1_154' title='bbox 970 2214 1376 2297; x_wconf 87' lang='lat' dir='ltr'>longanimis,</span> <span class='ocrx_word' id='word_1_155' title='bbox 1415 2223 1481 2279; x_wconf 89' lang='lat' dir='ltr'>et</span> <span class='ocrx_word' id='word_1_156' title='bbox 1518 2215 1791 2279; x_wconf 88' lang='lat' dir='ltr'>multum</span> <span class='ocrx_word' id='word_1_157' title='bbox 1832 2214 2211 2293; x_wconf 81' lang='lat' dir='ltr'>misericorS,</span> <span class='ocrx_word' id='word_1_158' title='bbox 2240 2221 2307 2280; x_wconf 84' lang='lat' dir='ltr'>et</span> <span class='ocrx_word' id='word_1_159' title='bbox 2320 2208 2504 2260; x_wconf 76' lang='lat' dir='ltr'>divino.</span> 
     </span>
     <span class='ocr_line' id='line_1_20' title="bbox 93 2290 2531 2406; baseline 0 -30"><span class='ocrx_word' id='word_1_160' title='bbox 93 2336 316 2377; x_wconf 75' lang='lat' dir='ltr'>verax.</span> <span class='ocrx_word' id='word_1_161' title='bbox 411 2314 748 2399; x_wconf 91' lang='lat' dir='ltr'>Numquid</span> <span class='ocrx_word' id='word_1_162' title='bbox 794 2337 1042 2399; x_wconf 90' lang='lat' dir='ltr'>semper</span> <span class='ocrx_word' id='word_1_163' title='bbox 1089 2314 1368 2380; x_wconf 83' lang='lat' dir='ltr'>tacebis?</span> <span class='ocrx_word' id='word_1_164' title='bbox 1449 2318 1544 2379; x_wconf 91' lang='lat' dir='ltr'>Et</span> <span class='ocrx_word' id='word_1_165' title='bbox 1584 2338 1756 2381; x_wconf 88' lang='lat' dir='ltr'>nunc</span> <span class='ocrx_word' id='word_1_166' title='bbox 1798 2312 2007 2379; x_wconf 73' lang='lat' dir='ltr'>eruis*</span> <span class='ocrx_word' id='word_1_167' title='bbox 2060 2314 2141 2377; x_wconf 91' lang='lat' dir='ltr'>de</span> <span class='ocrx_word' id='word_1_168' title='bbox 2179 2315 2303 2377; x_wconf 86' lang='lat' dir='ltr'>hoe</span> <span class='ocrx_word' id='word_1_169' title='bbox 2322 2290 2531 2406; x_wconf 51' lang='grc' dir='ltr'><strong>ἱῗὲωρ.</strong></span> 
     </span>
     <span class='ocr_line' id='line_1_21' title="bbox 93 2411 2491 2501; baseline 0 -23"><span class='ocrx_word' id='word_1_170' title='bbox 93 2416 566 2479; x_wconf 82' lang='lat' dir='ltr'>immanissimo</span> <span class='ocrx_word' id='word_1_171' title='bbox 618 2416 936 2500; x_wconf 87' lang='lat' dir='ltr'>profimdo</span> <span class='ocrx_word' id='word_1_172' title='bbox 981 2426 1368 2501; x_wconf 69' lang='lat' dir='ltr'>quaerentem</span> <span class='ocrx_word' id='word_1_173' title='bbox 1417 2426 1479 2480; x_wconf 89' lang='lat' dir='ltr'>te</span> <span class='ocrx_word' id='word_1_174' title='bbox 1530 2418 1829 2493; x_wconf 80' lang='lat' dir='ltr'>animam,</span> <span class='ocrx_word' id='word_1_175' title='bbox 1880 2425 1945 2481; x_wconf 86' lang='lat' dir='ltr'>et</span> <span class='ocrx_word' id='word_1_176' title='bbox 1993 2417 2308 2481; x_wconf 83' lang='lat' dir='ltr'>sitientem</span> <span class='ocrx_word' id='word_1_177' title='bbox 2322 2411 2491 2455; x_wconf 64' lang='lat'>‘⁰³⁰⁸&#39;-</span> 
     </span>
     <span class='ocr_line' id='line_1_22' title="bbox 97 2516 2516 2601; baseline 0.002 -23"><span class='ocrx_word' id='word_1_178' title='bbox 97 2516 560 2581; x_wconf 84' lang='lat' dir='ltr'>delectationes</span> <span class='ocrx_word' id='word_1_179' title='bbox 599 2527 762 2595; x_wconf 85' lang='lat' dir='ltr'>tuas,</span> <span class='ocrx_word' id='word_1_180' title='bbox 801 2526 866 2581; x_wconf 90' lang='lat' dir='ltr'>et</span> <span class='ocrx_word' id='word_1_181' title='bbox 907 2518 1097 2601; x_wconf 76' lang='lat' dir='ltr'>cujus</span> <span class='ocrx_word' id='word_1_182' title='bbox 1139 2539 1248 2580; x_wconf 79' lang='lat' dir='ltr'>cor</span> <span class='ocrx_word' id='word_1_183' title='bbox 1293 2518 1458 2583; x_wconf 78' lang='lat' dir='ltr'>dicit</span> <span class='ocrx_word' id='word_1_184' title='bbox 1503 2518 1624 2581; x_wconf 76' lang='lat' dir='ltr'>tibi</span> <span class='ocrx_word' id='word_1_185' title='bbox 1648 2542 1667 2579; x_wconf 90' lang='lat'>.·</span> <span class='ocrx_word' id='word_1_186' title='bbox 1734 2518 2011 2587; x_wconf 69' lang='lat' dir='ltr'>Quaesivi</span> <span class='ocrx_word' id='word_1_187' title='bbox 2058 2519 2307 2581; x_wconf 77' lang='lat' dir='ltr'>vultum</span> <span class='ocrx_word' id='word_1_188' title='bbox 2328 2535 2409 2584; x_wconf 83' lang='lat' dir='ltr'>Ps.</span> <span class='ocrx_word' id='word_1_189' title='bbox 2428 2536 2516 2595; x_wconf 78' lang='lat'>26,</span> 
     </span>
     <span class='ocr_line' id='line_1_23' title="bbox 98 2601 2373 2703; baseline 0.001 -24"><span class='ocrx_word' id='word_1_190' title='bbox 98 2626 286 2681; x_wconf 77' lang='lat' dir='ltr'>tuum</span> <span class='ocrx_word' id='word_1_191' title='bbox 299 2644 328 2688; x_wconf 92' lang='lat'>‚·</span> <span class='ocrx_word' id='word_1_192' title='bbox 376 2620 628 2683; x_wconf 77' lang='lat' dir='ltr'>vultum</span> <span class='ocrx_word' id='word_1_193' title='bbox 654 2626 862 2694; x_wconf 82' lang='lat' dir='ltr'>tuum,</span> <span class='ocrx_word' id='word_1_194' title='bbox 881 2620 1181 2696; x_wconf 84' lang='lat' dir='ltr'>Domine,</span> <span class='ocrx_word' id='word_1_195' title='bbox 1200 2622 1553 2703; x_wconf 78' lang='lat' dir='ltr'>requiram.</span> <span class='ocrx_word' id='word_1_196' title='bbox 1621 2616 1835 2682; x_wconf 76' lang='lat' dir='ltr'>Nam*</span> <span class='ocrx_word' id='word_1_197' title='bbox 1856 2620 2047 2700; x_wconf 90' lang='lat' dir='ltr'>longe</span> <span class='ocrx_word' id='word_1_198' title='bbox 2070 2640 2110 2682; x_wconf 89' lang='lat' dir='ltr'>a</span> <span class='ocrx_word' id='word_1_199' title='bbox 2128 2619 2313 2681; x_wconf 85' lang='lat' dir='ltr'>vultu</span> <span class='ocrx_word' id='word_1_200' title='bbox 2327 2601 2373 2648; x_wconf 82' lang='lat'>⁸·</span> 
     </span>
    </p>

    <p class='ocr_par' dir='ltr' id='par_1_6' title="bbox 97 2717 2339 2897">
     <span class='ocr_line' id='line_1_24' title="bbox 97 2717 2311 2804; baseline 0 -21"><span class='ocrx_word' id='word_1_201' title='bbox 97 2730 227 2799; x_wconf 87' lang='lat' dir='ltr'>tuo,</span> <span class='ocrx_word' id='word_1_202' title='bbox 273 2719 346 2782; x_wconf 92' lang='lat' dir='ltr'>in</span> <span class='ocrx_word' id='word_1_203' title='bbox 402 2722 637 2783; x_wconf 85' lang='lat' dir='ltr'>affectu</span> <span class='ocrx_word' id='word_1_204' title='bbox 684 2721 1036 2783; x_wconf 76' lang='lat' dir='ltr'>tenebroso·</span> <span class='ocrx_word' id='word_1_205' title='bbox 1054 2717 1083 2745; x_wconf 72' lang='lat'>&#39;⁵</span> <span class='ocrx_word' id='word_1_206' title='bbox 1185 2722 1336 2783; x_wconf 90' lang='lat' dir='ltr'>Non</span> <span class='ocrx_word' id='word_1_207' title='bbox 1385 2721 1563 2783; x_wconf 87' lang='lat' dir='ltr'>enim</span> <span class='ocrx_word' id='word_1_208' title='bbox 1612 2719 1889 2804; x_wconf 89' lang='lat' dir='ltr'>pedibus</span> <span class='ocrx_word' id='word_1_209' title='bbox 1930 2729 2043 2783; x_wconf 90' lang='lat' dir='ltr'>aut</span> <span class='ocrx_word' id='word_1_210' title='bbox 2086 2719 2311 2804; x_wconf 88' lang='lat' dir='ltr'>spatiis</span> 
     </span>
     <span class='ocr_line' id='line_1_25' title="bbox 97 2804 2339 2897; baseline 0 -14"><span class='ocrx_word' id='word_1_211' title='bbox 97 2822 390 2885; x_wconf 89' lang='lat' dir='ltr'>locorum</span> <span class='ocrx_word' id='word_1_212' title='bbox 439 2819 569 2884; x_wconf 89' lang='lat' dir='ltr'>itur</span> <span class='ocrx_word' id='word_1_213' title='bbox 617 2822 733 2883; x_wconf 87' lang='lat' dir='ltr'>abs</span> <span class='ocrx_word' id='word_1_214' title='bbox 774 2829 858 2897; x_wconf 85' lang='lat' dir='ltr'>te,</span> <span class='ocrx_word' id='word_1_215' title='bbox 903 2804 1014 2883; x_wconf 72' lang='lat' dir='ltr'>aut</span> <span class='ocrx_word' id='word_1_216' title='bbox 1054 2820 1292 2885; x_wconf 90' lang='lat' dir='ltr'>reditur</span> <span class='ocrx_word' id='word_1_217' title='bbox 1329 2820 1412 2885; x_wconf 82' lang='lat' dir='ltr'>ad</span> <span class='ocrx_word' id='word_1_218' title='bbox 1450 2830 1533 2885; x_wconf 93' lang='lat' dir='ltr'>te.</span> <span class='ocrx_word' id='word_1_219' title='bbox 1600 2818 1753 2887; x_wconf 72' lang='lat' dir='ltr'>&#39;Aut</span> <span class='ocrx_word' id='word_1_220' title='bbox 1792 2842 1941 2887; x_wconf 85' lang='lat' dir='ltr'>vero</span> <span class='ocrx_word' id='word_1_221' title='bbox 1984 2820 2159 2884; x_wconf 89' lang='lat' dir='ltr'>filius</span> <span class='ocrx_word' id='word_1_222' title='bbox 2199 2820 2339 2883; x_wconf 77' lang='lat' dir='ltr'>ille&#39;</span> 
     </span>
    </p>

    <p class='ocr_par' dir='ltr' id='par_1_7' title="bbox 99 2920 2555 3511">
     <span class='ocr_line' id='line_1_26' title="bbox 99 2920 2315 3005; baseline 0 -21"><span class='ocrx_word' id='word_1_223' title='bbox 99 2931 248 2984; x_wconf 90' lang='lat' dir='ltr'>tuus</span> <span class='ocrx_word' id='word_1_224' title='bbox 291 2923 508 2985; x_wconf 89' lang='lat' dir='ltr'>minor</span> <span class='ocrx_word' id='word_1_225' title='bbox 542 2943 762 3005; x_wconf 85' lang='lat' dir='ltr'>equos,</span> <span class='ocrx_word' id='word_1_226' title='bbox 792 2930 904 2986; x_wconf 89' lang='lat' dir='ltr'>aut</span> <span class='ocrx_word' id='word_1_227' title='bbox 929 2943 1169 3001; x_wconf 80' lang='lat' dir='ltr'>curruS‚</span> <span class='ocrx_word' id='word_1_228' title='bbox 1199 2924 1301 2985; x_wconf 91' lang='lat' dir='ltr'>vel</span> <span class='ocrx_word' id='word_1_229' title='bbox 1327 2943 1525 2985; x_wconf 89' lang='lat' dir='ltr'>naves</span> <span class='ocrx_word' id='word_1_230' title='bbox 1554 2921 1871 3005; x_wconf 83' lang='lat' dir='ltr'>quoesivit,</span> <span class='ocrx_word' id='word_1_231' title='bbox 1903 2931 2013 2984; x_wconf 89' lang='lat' dir='ltr'>aut</span> <span class='ocrx_word' id='word_1_232' title='bbox 2039 2920 2315 2985; x_wconf 83' lang='lat' dir='ltr'>avolavit</span> 
     </span>
     <span class='ocr_line' id='line_1_27' title="bbox 103 3021 2315 3107; baseline -0 -21"><span class='ocrx_word' id='word_1_233' title='bbox 103 3045 324 3107; x_wconf 85' lang='lat' dir='ltr'>penna</span> <span class='ocrx_word' id='word_1_234' title='bbox 371 3022 635 3099; x_wconf 86' lang='lat' dir='ltr'>visibili,</span> <span class='ocrx_word' id='word_1_235' title='bbox 685 3031 796 3086; x_wconf 89' lang='lat' dir='ltr'>aut</span> <span class='ocrx_word' id='word_1_236' title='bbox 843 3030 1018 3087; x_wconf 90' lang='lat' dir='ltr'>moto</span> <span class='ocrx_word' id='word_1_237' title='bbox 1061 3023 1306 3107; x_wconf 86' lang='lat' dir='ltr'>poplite</span> <span class='ocrx_word' id='word_1_238' title='bbox 1349 3022 1471 3086; x_wconf 90' lang='lat' dir='ltr'>iter</span> <span class='ocrx_word' id='word_1_239' title='bbox 1520 3023 1673 3104; x_wconf 85' lang='lat' dir='ltr'>egit,</span> <span class='ocrx_word' id='word_1_240' title='bbox 1718 3029 1791 3085; x_wconf 91' lang='lat' dir='ltr'>ut</span> <span class='ocrx_word' id='word_1_241' title='bbox 1839 3022 1908 3083; x_wconf 89' lang='lat' dir='ltr'>in</span> <span class='ocrx_word' id='word_1_242' title='bbox 1957 3021 2315 3104; x_wconf 83' lang='lat' dir='ltr'>longinqua</span> 
     </span>
     <span class='ocr_line' id='line_1_28' title="bbox 101 3121 2311 3208; baseline -0.001 -21"><span class='ocrx_word' id='word_1_243' title='bbox 101 3126 364 3207; x_wconf 85' lang='lat' dir='ltr'>regione</span> <span class='ocrx_word' id='word_1_244' title='bbox 392 3125 616 3187; x_wconf 87' lang='lat' dir='ltr'>vivens</span> <span class='ocrx_word' id='word_1_245' title='bbox 643 3123 910 3208; x_wconf 88' lang='lat' dir='ltr'>prodige</span> <span class='ocrx_word' id='word_1_246' title='bbox 949 3123 1289 3207; x_wconf 83' lang='lat' dir='ltr'>dissiparet</span> <span class='ocrx_word' id='word_1_247' title='bbox 1324 3123 1499 3208; x_wconf 92' lang='lat' dir='ltr'>quod</span> <span class='ocrx_word' id='word_1_248' title='bbox 1539 3122 1805 3187; x_wconf 87' lang='lat' dir='ltr'>dederas</span> <span class='ocrx_word' id='word_1_249' title='bbox 1840 3121 2311 3205; x_wconf 81' lang='lat' dir='ltr'>proficiscenti?</span> 
     </span>
     <span class='ocr_line' id='line_1_29' title="bbox 105 3223 2555 3308; baseline 0.001 -19"><span class='ocrx_word' id='word_1_250' title='bbox 105 3226 339 3289; x_wconf 88' lang='lat' dir='ltr'>Dulcis</span> <span class='ocrx_word' id='word_1_251' title='bbox 381 3232 568 3308; x_wconf 88' lang='lat' dir='ltr'>pater</span> <span class='ocrx_word' id='word_1_252' title='bbox 615 3225 768 3308; x_wconf 90' lang='lat' dir='ltr'>quia</span> <span class='ocrx_word' id='word_1_253' title='bbox 824 3224 1109 3304; x_wconf 86' lang='lat' dir='ltr'>dederas,</span> <span class='ocrx_word' id='word_1_254' title='bbox 1159 3234 1225 3288; x_wconf 91' lang='lat' dir='ltr'>et</span> <span class='ocrx_word' id='word_1_255' title='bbox 1273 3246 1476 3307; x_wconf 88' lang='lat' dir='ltr'>egeno</span> <span class='ocrx_word' id='word_1_256' title='bbox 1536 3223 1826 3289; x_wconf 82' lang='lat' dir='ltr'>redeunti</span> <span class='ocrx_word' id='word_1_257' title='bbox 1878 3224 2141 3287; x_wconf 89' lang='lat' dir='ltr'>dulcior.</span> <span class='ocrx_word' id='word_1_258' title='bbox 2232 3224 2313 3287; x_wconf 90' lang='lat' dir='ltr'>In</span> <span class='ocrx_word' id='word_1_259' title='bbox 2334 3241 2450 3290; x_wconf 85' lang='lat' dir='ltr'>Luc.</span> <span class='ocrx_word' id='word_1_260' title='bbox 2475 3243 2555 3303; x_wconf 85' lang='lat'>15,</span> 
     </span>
     <span class='ocr_line' id='line_1_30' title="bbox 105 3307 2541 3409; baseline -0.002 -19"><span class='ocrx_word' id='word_1_261' title='bbox 105 3330 344 3390; x_wconf 83' lang='lat' dir='ltr'>affectu</span> <span class='ocrx_word' id='word_1_262' title='bbox 386 3348 538 3407; x_wconf 88' lang='lat' dir='ltr'>ergo</span> <span class='ocrx_word' id='word_1_263' title='bbox 580 3324 951 3403; x_wconf 84' lang='lat' dir='ltr'>libidinose,</span> <span class='ocrx_word' id='word_1_264' title='bbox 995 3326 1064 3389; x_wconf 92' lang='lat' dir='ltr'>id</span> <span class='ocrx_word' id='word_1_265' title='bbox 1115 3327 1288 3389; x_wconf 90' lang='lat' dir='ltr'>enim</span> <span class='ocrx_word' id='word_1_266' title='bbox 1330 3335 1430 3390; x_wconf 88' lang='lat' dir='ltr'>est</span> <span class='ocrx_word' id='word_1_267' title='bbox 1469 3328 1827 3404; x_wconf 81' lang='lat' dir='ltr'>tenebrOSO‚</span> <span class='ocrx_word' id='word_1_268' title='bbox 1869 3335 2061 3409; x_wconf 90' lang='lat' dir='ltr'>atque</span> <span class='ocrx_word' id='word_1_269' title='bbox 2103 3324 2175 3389; x_wconf 90' lang='lat' dir='ltr'>id</span> <span class='ocrx_word' id='word_1_270' title='bbox 2218 3331 2317 3388; x_wconf 87' lang='lat' dir='ltr'>est</span> <span class='ocrx_word' id='word_1_271' title='bbox 2333 3307 2541 3356; x_wconf 82' lang='lat'><strong>11—32.</strong></span> 
     </span>
     <span class='ocr_line' id='line_1_31' title="bbox 106 3431 738 3511; baseline -0.003 -18"><span class='ocrx_word' id='word_1_272' title='bbox 106 3432 299 3511; x_wconf 89' lang='lat' dir='ltr'>longe</span> <span class='ocrx_word' id='word_1_273' title='bbox 330 3452 371 3494; x_wconf 89' lang='lat' dir='ltr'>a</span> <span class='ocrx_word' id='word_1_274' title='bbox 398 3431 582 3493; x_wconf 89' lang='lat' dir='ltr'>vultu</span> <span class='ocrx_word' id='word_1_275' title='bbox 609 3439 738 3493; x_wconf 88' lang='lat' dir='ltr'>tuo.</span> 
     </span>
    </p>

    <p class='ocr_par' dir='ltr' id='par_1_8' title="bbox 111 3528 2320 4534">
     <span class='ocr_line' id='line_1_32' title="bbox 187 3528 2315 3612; baseline -0.001 -19"><span class='ocrx_word' id='word_1_276' title='bbox 187 3534 301 3593; x_wconf 78' lang='lat'>29.</span> <span class='ocrx_word' id='word_1_277' title='bbox 345 3530 538 3606; x_wconf 90' lang='lat' dir='ltr'>Vide,</span> <span class='ocrx_word' id='word_1_278' title='bbox 559 3530 841 3593; x_wconf 91' lang='lat' dir='ltr'>Domine</span> <span class='ocrx_word' id='word_1_279' title='bbox 862 3529 1066 3607; x_wconf 74' lang='lat' dir='ltr'>DeuS,</span> <span class='ocrx_word' id='word_1_280' title='bbox 1088 3539 1154 3594; x_wconf 90' lang='lat' dir='ltr'>et</span> <span class='ocrx_word' id='word_1_281' title='bbox 1170 3530 1482 3612; x_wconf 82' lang='lat' dir='ltr'>patienter</span> <span class='ocrx_word' id='word_1_282' title='bbox 1509 3538 1583 3594; x_wconf 91' lang='lat' dir='ltr'>ut</span> <span class='ocrx_word' id='word_1_283' title='bbox 1600 3530 1781 3605; x_wconf 87' lang='lat' dir='ltr'>vides</span> <span class='ocrx_word' id='word_1_284' title='bbox 1804 3528 1972 3607; x_wconf 87' lang='lat' dir='ltr'>vide,</span> <span class='ocrx_word' id='word_1_285' title='bbox 1991 3528 2315 3612; x_wconf 90' lang='lat' dir='ltr'>quomodo</span> 
     </span>
     <span class='ocr_line' id='line_1_33' title="bbox 113 3629 2315 3715; baseline -0.001 -20"><span class='ocrx_word' id='word_1_286' title='bbox 113 3632 452 3713; x_wconf 85' lang='lat' dir='ltr'>diligenter</span> <span class='ocrx_word' id='word_1_287' title='bbox 493 3632 832 3693; x_wconf 89' lang='lat' dir='ltr'>observent</span> <span class='ocrx_word' id='word_1_288' title='bbox 872 3630 993 3693; x_wconf 90' lang='lat' dir='ltr'>filii</span> <span class='ocrx_word' id='word_1_289' title='bbox 1025 3630 1358 3693; x_wconf 89' lang='lat' dir='ltr'>hominum</span> <span class='ocrx_word' id='word_1_290' title='bbox 1402 3638 1598 3715; x_wconf 84' lang='lat' dir='ltr'>pacta</span> <span class='ocrx_word' id='word_1_291' title='bbox 1635 3631 2005 3706; x_wconf 87' lang='lat' dir='ltr'>litterarum,</span> <span class='ocrx_word' id='word_1_292' title='bbox 2034 3638 2100 3692; x_wconf 92' lang='lat' dir='ltr'>et</span> <span class='ocrx_word' id='word_1_293' title='bbox 2127 3629 2315 3712; x_wconf 83' lang='lat' dir='ltr'>sylla·</span> 
     </span>
     <span class='ocr_line' id='line_1_34' title="bbox 111 3732 2319 3814; baseline -0.002 -17"><span class='ocrx_word' id='word_1_294' title='bbox 111 3735 333 3797; x_wconf 86' lang='lat' dir='ltr'>barum</span> <span class='ocrx_word' id='word_1_295' title='bbox 365 3741 632 3814; x_wconf 84' lang='lat' dir='ltr'>accepta</span> <span class='ocrx_word' id='word_1_296' title='bbox 669 3753 708 3794; x_wconf 90' lang='lat' dir='ltr'>a</span> <span class='ocrx_word' id='word_1_297' title='bbox 742 3732 1062 3814; x_wconf 88' lang='lat' dir='ltr'>prioribus</span> <span class='ocrx_word' id='word_1_298' title='bbox 1091 3732 1505 3811; x_wconf 82' lang='lat' dir='ltr'>locutoribus,</span> <span class='ocrx_word' id='word_1_299' title='bbox 1537 3739 1601 3795; x_wconf 86' lang='lat' dir='ltr'>et</span> <span class='ocrx_word' id='word_1_300' title='bbox 1630 3752 1669 3795; x_wconf 91' lang='lat' dir='ltr'>a</span> <span class='ocrx_word' id='word_1_301' title='bbox 1696 3741 1759 3795; x_wconf 89' lang='lat' dir='ltr'>te</span> <span class='ocrx_word' id='word_1_302' title='bbox 1791 3739 2055 3814; x_wconf 87' lang='lat' dir='ltr'>accepta</span> <span class='ocrx_word' id='word_1_303' title='bbox 2085 3740 2319 3793; x_wconf 84' lang='lat' dir='ltr'>aetema</span> 
     </span>
     <span class='ocr_line' id='line_1_35' title="bbox 115 3832 2319 3918; baseline -0.002 -19"><span class='ocrx_word' id='word_1_304' title='bbox 115 3843 302 3917; x_wconf 88' lang='lat' dir='ltr'>pacta</span> <span class='ocrx_word' id='word_1_305' title='bbox 327 3841 658 3918; x_wconf 87' lang='lat' dir='ltr'>perpetuae</span> <span class='ocrx_word' id='word_1_306' title='bbox 690 3832 912 3897; x_wconf 85' lang='lat' dir='ltr'>salutis</span> <span class='ocrx_word' id='word_1_307' title='bbox 938 3833 1275 3915; x_wconf 87' lang='lat' dir='ltr'>negligant</span> <span class='ocrx_word' id='word_1_308' title='bbox 1287 3856 1305 3909; x_wconf 93' lang='lat'>;</span> <span class='ocrx_word' id='word_1_309' title='bbox 1350 3843 1424 3897; x_wconf 91' lang='lat' dir='ltr'>ut</span> <span class='ocrx_word' id='word_1_310' title='bbox 1463 3833 1577 3917; x_wconf 90' lang='lat' dir='ltr'>qui</span> <span class='ocrx_word' id='word_1_311' title='bbox 1614 3832 1729 3897; x_wconf 89' lang='lat' dir='ltr'>illa</span> <span class='ocrx_word' id='word_1_312' title='bbox 1770 3852 2068 3897; x_wconf 88' lang='lat' dir='ltr'>sonorum</span> <span class='ocrx_word' id='word_1_313' title='bbox 2104 3839 2319 3895; x_wconf 86' lang='lat' dir='ltr'>vetera</span> 
     </span>
     <span class='ocr_line' id='line_1_36' title="bbox 116 3932 2316 4017; baseline -0.001 -20"><span class='ocrx_word' id='word_1_314' title='bbox 116 3936 352 4017; x_wconf 73' lang='lat' dir='ltr'>placita</span> <span class='ocrx_word' id='word_1_315' title='bbox 377 3942 594 3999; x_wconf 89' lang='lat' dir='ltr'>teneat</span> <span class='ocrx_word' id='word_1_316' title='bbox 620 3943 730 3998; x_wconf 89' lang='lat' dir='ltr'>aut</span> <span class='ocrx_word' id='word_1_317' title='bbox 757 3932 1007 4012; x_wconf 88' lang='lat' dir='ltr'>doceat,</span> <span class='ocrx_word' id='word_1_318' title='bbox 1037 3934 1093 3996; x_wconf 90' lang='lat' dir='ltr'>si</span> <span class='ocrx_word' id='word_1_319' title='bbox 1122 3941 1344 3997; x_wconf 88' lang='lat' dir='ltr'>contra</span> <span class='ocrx_word' id='word_1_320' title='bbox 1370 3932 1779 4015; x_wconf 84' lang='lat' dir='ltr'>disciplinam</span> <span class='ocrx_word' id='word_1_321' title='bbox 1822 3932 2316 4014; x_wconf 81' lang='lat' dir='ltr'>grammaticam,</span> 
     </span>
     <span class='ocr_line' id='line_1_37' title="bbox 121 4032 2319 4120; baseline -0.002 -23"><span class='ocrx_word' id='word_1_322' title='bbox 121 4038 252 4099; x_wconf 86' lang='lat' dir='ltr'>sine</span> <span class='ocrx_word' id='word_1_323' title='bbox 300 4037 691 4120; x_wconf 85' lang='lat' dir='ltr'>aspiratione</span> <span class='ocrx_word' id='word_1_324' title='bbox 735 4036 957 4119; x_wconf 86' lang='lat' dir='ltr'>primae</span> <span class='ocrx_word' id='word_1_325' title='bbox 1003 4036 1290 4120; x_wconf 83' lang='lat' dir='ltr'>syllabae,</span> <span class='ocrx_word' id='word_1_326' title='bbox 1335 4035 1634 4111; x_wconf 88' lang='lat' dir='ltr'>ominem,</span> <span class='ocrx_word' id='word_1_327' title='bbox 1679 4033 1935 4110; x_wconf 86' lang='lat' dir='ltr'>dixerit,</span> <span class='ocrx_word' id='word_1_328' title='bbox 1979 4032 2319 4116; x_wconf 86' lang='lat' dir='ltr'>displiceat</span> 
     </span>
     <span class='ocr_line' id='line_1_38' title="bbox 120 4132 2319 4221; baseline -0.003 -20"><span class='ocrx_word' id='word_1_329' title='bbox 120 4139 316 4220; x_wconf 88' lang='lat' dir='ltr'>magis</span> <span class='ocrx_word' id='word_1_330' title='bbox 365 4138 760 4221; x_wconf 77' lang='lat' dir='ltr'>hominibuS,</span> <span class='ocrx_word' id='word_1_331' title='bbox 810 4158 1004 4221; x_wconf 89' lang='lat' dir='ltr'>quam</span> <span class='ocrx_word' id='word_1_332' title='bbox 1063 4136 1120 4199; x_wconf 92' lang='lat' dir='ltr'>si</span> <span class='ocrx_word' id='word_1_333' title='bbox 1179 4143 1401 4200; x_wconf 88' lang='lat' dir='ltr'>contra</span> <span class='ocrx_word' id='word_1_334' title='bbox 1456 4142 1569 4199; x_wconf 90' lang='lat' dir='ltr'>tua</span> <span class='ocrx_word' id='word_1_335' title='bbox 1624 4142 1949 4218; x_wconf 82' lang='lat' dir='ltr'>praecepta</span> <span class='ocrx_word' id='word_1_336' title='bbox 1992 4132 2319 4195; x_wconf 91' lang='lat' dir='ltr'>hominem</span> 
     </span>
     <span class='ocr_line' id='line_1_39' title="bbox 121 4232 2318 4320; baseline -0.002 -19"><span class='ocrx_word' id='word_1_337' title='bbox 121 4238 336 4317; x_wconf 89' lang='lat' dir='ltr'>oderit,</span> <span class='ocrx_word' id='word_1_338' title='bbox 365 4261 516 4303; x_wconf 89' lang='lat' dir='ltr'>cum</span> <span class='ocrx_word' id='word_1_339' title='bbox 547 4239 632 4302; x_wconf 89' lang='lat' dir='ltr'>sit</span> <span class='ocrx_word' id='word_1_340' title='bbox 658 4238 870 4303; x_wconf 90' lang='lat' dir='ltr'>homo.</span> <span class='ocrx_word' id='word_1_341' title='bbox 960 4237 1161 4311; x_wconf 86' lang='lat' dir='ltr'>Quasi</span> <span class='ocrx_word' id='word_1_342' title='bbox 1191 4258 1340 4301; x_wconf 90' lang='lat' dir='ltr'>vero</span> <span class='ocrx_word' id='word_1_343' title='bbox 1372 4236 1725 4320; x_wconf 89' lang='lat' dir='ltr'>quemlibet</span> <span class='ocrx_word' id='word_1_344' title='bbox 1751 4234 2083 4298; x_wconf 89' lang='lat' dir='ltr'>inimicum</span> <span class='ocrx_word' id='word_1_345' title='bbox 2112 4232 2318 4297; x_wconf 88' lang='lat' dir='ltr'>homi·</span> 
     </span>
     <span class='ocr_line' id='line_1_40' title="bbox 123 4335 2320 4424; baseline -0.001 -23"><span class='ocrx_word' id='word_1_346' title='bbox 123 4362 262 4406; x_wconf 91' lang='lat' dir='ltr'>nem</span> <span class='ocrx_word' id='word_1_347' title='bbox 310 4340 735 4424; x_wconf 89' lang='lat' dir='ltr'>perniciosius</span> <span class='ocrx_word' id='word_1_348' title='bbox 785 4340 1021 4403; x_wconf 86' lang='lat' dir='ltr'>sentiat</span> <span class='ocrx_word' id='word_1_349' title='bbox 1068 4359 1261 4422; x_wconf 87' lang='lat' dir='ltr'>quam</span> <span class='ocrx_word' id='word_1_350' title='bbox 1319 4338 1535 4421; x_wconf 90' lang='lat' dir='ltr'>ipsum</span> <span class='ocrx_word' id='word_1_351' title='bbox 1584 4335 1824 4415; x_wconf 88' lang='lat' dir='ltr'>odium,</span> <span class='ocrx_word' id='word_1_352' title='bbox 1878 4356 2007 4420; x_wconf 90' lang='lat' dir='ltr'>quo</span> <span class='ocrx_word' id='word_1_353' title='bbox 2057 4336 2126 4399; x_wconf 90' lang='lat' dir='ltr'>in</span> <span class='ocrx_word' id='word_1_354' title='bbox 2175 4357 2320 4399; x_wconf 89' lang='lat' dir='ltr'>eum</span> 
     </span>
     <span class='ocr_line' id='line_1_41' title="bbox 124 4437 2319 4534; baseline -0.001 -31"><span class='ocrx_word' id='word_1_355' title='bbox 124 4441 408 4523; x_wconf 79' lang='lat' dir='ltr'>irritatur,</span> <span class='ocrx_word' id='word_1_356' title='bbox 461 4451 574 4505; x_wconf 89' lang='lat' dir='ltr'>aut</span> <span class='ocrx_word' id='word_1_357' title='bbox 630 4448 835 4505; x_wconf 84' lang='lat' dir='ltr'>vastet</span> <span class='ocrx_word' id='word_1_358' title='bbox 859 4526 866 4534; x_wconf 26' lang='grc' dir='ltr'>ι</span> <span class='ocrx_word' id='word_1_359' title='bbox 891 4439 1231 4524; x_wconf 88' lang='lat' dir='ltr'>quisquam</span> <span class='ocrx_word' id='word_1_360' title='bbox 1288 4437 1729 4524; x_wconf 86' lang='lat' dir='ltr'>persequendo</span> <span class='ocrx_word' id='word_1_361' title='bbox 1788 4437 1982 4501; x_wconf 86' lang='lat' dir='ltr'>alium</span> <span class='ocrx_word' id='word_1_362' title='bbox 2045 4437 2319 4518; x_wconf 88' lang='lat' dir='ltr'>gravius,</span> 
     </span>
    </p>
   </div>
   <div class='ocr_carea' id='block_1_5' title="bbox 1089 4684 1128 4715">
    <p class='ocr_par' dir='ltr' id='par_1_9' title="bbox 1089 4684 1128 4715">
     <span class='ocr_line' id='line_1_42' title="bbox 1089 4684 1128 4715; baseline 0 -2"><span class='ocrx_word' id='word_1_363' title='bbox 1089 4684 1128 4715; x_wconf 66' lang='lat' dir='ltr'>a!</span> 
     </span>
    </p>
   </div>
  </div>
 </body>
</html>
