3042 5059
653 380 1373 451 CONFESSIONUM
1419 388 1707 453 LIBER
1751 377 1829 450 V.
2262 392 2345 451 ⁷5

124 530 323 597 verba
348 536 668 617 maligna,
695 537 790 599 ad
823 540 1233 625 excusandas
1269 544 1717 605 excusationes
1754 543 1827 619 in
1855 543 2169 622 peccatis,
2196 562 2345 605 cum

125 634 499 699 hominibus
524 638 938 718 operantibus
963 643 1382 727 iniquitatem
1405 668 1428 713 ;
1479 650 1545 707 et
1583 640 1733 707 ideo
1772 641 1987 707 adhuc
2024 642 2347 705 conabim-

130 735 280 797 bam
311 758 462 799 cum
492 740 711 803 electis
739 761 958 805 eorum
971 740 1024 803 ⁵.

197 892 202 895 .
226 841 328 899 19.
377 837 509 901 Sed
539 846 752 903 tamen
770 841 907 925 jam
939 842 1288 926 desperans
1314 845 1385 907 in
1413 864 1492 907 ea
1518 842 1682 909 falsa
1710 843 2003 907 doctrina
2030 863 2133 905 me
2160 864 2351 926 posse

127 938 487 1021 proficere3
535 960 740 1025 eaque
780 942 928 1025 ipsa
971 944 1208 1027 quibus
1239 944 1296 1007 si
1323 944 1491 1008 nihil
1536 944 1765 1007 melius
1806 944 2169 1027 reperirem,
2198 964 2350 1008 con·

129 1047 356 1103 tentus
385 1061 526 1104 esse
557 1040 978 1121 decreveram,
1003 1043 1142 1127 jam
1169 1045 1498 1109 remissius
1532 1046 2093 1129 negligentiusque
2120 1044 2351 1107 retine-

129 1142 308 1204 bam.
397 1142 662 1205 Etenim
705 1144 965 1207 suborta
993 1152 1094 1209 est
1121 1146 1311 1209 etiam
1349 1146 1510 1209 mihi
1556 1146 1882 1228 cogitati0‚
1910 1144 2355 1229 prudentiores

132 1241 392 1305 caeteris
430 1241 630 1305 fuisse
670 1243 819 1307 illos
857 1244 1308 1329 philosophOS,
1339 1268 1504 1330 quos
1541 1246 1965 1311 Academicos
2006 1246 2355 1329 appellant,

136 1342 319 1426 quod
362 1341 442 1405 de
483 1343 782 1407 omnibus
833 1342 1260 1411 dubitandum
1308 1367 1448 1409 esse
1495 1356 1893 1425 censuerant,
1935 1369 2059 1413 nec
2110 1345 2358 1431 aliquid

134 1444 275 1505 veri
304 1444 389 1505 ab
417 1444 680 1507 homine
712 1431 1170 1527 comprehendi
1208 1467 1402 1530 posse
1442 1446 1869 1513 decreverant.
1958 1450 2062 1513 Ita
2091 1448 2265 1511 enim
2292 1454 2359 1511 et

133 1544 302 1609 mihi
342 1546 598 1629 liquido
642 1547 916 1611 sensisse
960 1548 1360 1627 videbantur,
1404 1558 1480 1616 ut
1519 1552 1715 1632 vulgo
1759 1552 2078 1615 habentur
2086 1561 2134 1628 ⁹,
2162 1550 2357 1615 etiam

135 1646 397 1709 illorum
445 1646 866 1711 intentionem
913 1649 1199 1713 nondum
1257 1651 1667 1733 intelligenti.
1758 1654 1901 1715 Nec
1960 1650 2359 1715 dissimulavi

139 1746 440 1811 eumdem
491 1747 814 1832 hospitem
859 1771 1074 1814 meum
1121 1751 1465 1833 reprimere
1511 1774 1553 1815 a
1600 1752 1801 1816 nimia
1849 1751 2112 1831 fiducia,
2164 1772 2359 1835 quam
2425 1748 2428 1752 ¹

141 1850 320 1913 sensi
361 1871 510 1913 eum
547 1851 786 1914 habere
829 1850 908 1913 de
948 1852 1140 1915 rebus
1179 1850 1514 1929 fabulosi&
1546 1853 1782 1937 quibus
1810 1852 2167 1917 Manichaei
2208 1851 2360 1915 libri

137 1950 326 2034 pleni
364 1959 533 2015 sunt.
622 1950 926 2015 Amicitia
963 1960 1174 2015 tamen
1213 1973 1431 2016 eorum
1469 1954 1847 2018 familiarius
1880 1956 2127 2031 utebar,
2166 1973 2362 2037 quam

144 2060 523 2117 caeterorum
565 2052 898 2115 hominum
946 2052 1060 2136 qui
1101 2052 1172 2115 in
1211 2052 1326 2116 illa
1367 2054 1599 2135 haeresi
1651 2077 1784 2119 non
1838 2054 2128 2119 fixissent.
2218 2054 2361 2117 Nec

143 2174 289 2217 eam
319 2152 744 2219 defendebam
783 2152 1058 2236 pristina
1085 2152 1529 2232 animositate3
1576 2155 1691 2221 sed
1722 2164 1935 2220 tamen
1962 2154 2363 2221 familiaritas

217 2328 244 2367 P
275 2326 436 2374 Veros
456 2323 731 2373 Academiae
757 2338 891 2371 novae
913 2339 1078 2371 sensus
1101 2322 1220 2373 alias

148 2388 305 2453 aperit
351 2388 498 2451 Aug..
543 2395 596 2435 et
647 2403 792 2451 quare
836 2388 886 2435 in
937 2388 1224 2451 disputando

151 2454 258 2501 aliis
294 2454 460 2518 potius
494 2453 724 2501 adversati
759 2452 868 2508 sint,
905 2468 1051 2516 quam
1089 2467 1222 2499 6116111

150 2517 367 2581 aliquam
411 2517 695 2565 sententiam
742 2515 1052 2573 defenderint,
1097 2516 1226 2565 unde

1287 2323 1491 2373 instituit
1513 2326 1583 2373 vir
1606 2326 1900 2375 acutissimus
1934 2335 2076 2389 atque
2116 2323 2360 2373 humanis-

1285 2390 1446 2443 simus,
1484 2390 1713 2439 dedocere
1748 2390 1907 2457 potius
1940 2406 2058 2454 quos
2092 2389 2363 2455 patiebatur

1289 2455 1415 2501 male
1448 2454 1629 2511 doctos.
1652 2470 1793 2519 quam
1830 2455 1999 2505 docere
2029 2470 2148 2519 quos
2181 2454 2364 2503 dociles

1290 2532 1384 2565 non
1408 2518 1740 2569 arbitrabatur.
1812 2519 1935 2569 Inde
1956 2519 2043 2567 illa
2063 2518 2223 2568 omnia
2248 2525 2364 2567 nata

150 2598 238 2647 pro
269 2582 503 2647 scepticis
541 2581 689 2629 habiti
729 2582 860 2640 sint;
902 2580 954 2629 id
992 2596 1102 2629 vero
1143 2596 1228 2647 pro

152 2648 352 2694 istorum
393 2654 656 2710 temporum
697 2646 892 2700 ratione,
937 2645 1009 2693 vel
1053 2646 1228 2693 utiliter

151 2711 336 2759 factum
371 2726 474 2759 6666
501 2709 756 2759 contendit.
822 2716 855 2739 “
883 2710 968 2758 Sat
993 2717 1065 2758 est
1088 2710 1149 2757 ad
1179 2710 1227 2758 id

153 2776 285 2839 quod
309 2776 433 2831 volo,
461 2775 708 2823 Platonem
739 2775 940 2823 sensisse
975 2774 1094 2823 duos
1126 2790 1230 2823 6666

154 2838 384 2902 1110οἀ06,
430 2854 576 2887 unum
632 2838 998 2902 intelligibilem,
1041 2839 1090 2885 in
1135 2854 1229 2903 quo

155 2905 262 2969 ipsa
285 2908 458 2952 veritas
479 2902 730 2958 habitaret,
751 2902 893 2952 istum
927 2912 1085 2951 autem
1123 2918 1229 2951 660-

157 2970 362 3023 sibilem.
395 2982 538 3033 quem
573 2968 870 3017 manifestum
911 2976 984 3017 661
1013 2983 1098 3017 nos
1129 2966 1232 3017 visu

159 3043 390 3097 tactuque
411 3032 606 3081 sentire.
676 3033 844 3095 Itaque
878 3032 1013 3080 illum
1051 3047 1230 3088 verum,

158 3098 288 3147 hunc
313 3096 616 3147 verisimilem
637 3106 686 3146 61
719 3096 780 3145 ad
813 3097 940 3145 illius
975 3098 1230 3158 imaginem

158 3162 359 3211 factum.
425 3162 492 3209 Et
513 3162 623 3209 ideo
655 3161 716 3209 de
745 3160 830 3209 illo
865 3161 912 3208 in
949 3176 1009 3209 ea
1043 3176 1150 3224 quau
1183 3177 1233 3210 se

163 3234 468 3291 cognosceret
489 3226 668 3281 anima,
682 3225 809 3273 velut
819 3226 1016 3291 expoliri
1033 3234 1080 3273 et
1097 3226 1232 3289 quasi

159 3292 364 3341 serenari
409 3294 684 3348 veritatemg
743 3290 804 3339 de
847 3291 936 3338 hoc
979 3298 1140 3339 autem
1185 3291 1235 3337 in

162 3358 414 3405 stultorum
472 3356 644 3403 animis
698 3370 792 3402 non
845 3354 1108 3410 scientiam,
1152 3355 1234 3403 sed

161 3420 436 3485 opinionem
487 3434 624 3485 posse
675 3419 899 3482 generari.
989 3418 1235 3483 Quidquid

163 3494 324 3533 tamen
357 3493 582 3547 ageretur
615 3484 666 3531 in
701 3484 789 3533 1106
826 3484 1004 3533 mundo
1036 3500 1120 3548 per
1155 3499 1238 3531 eas

164 3550 357 3598 virtutes
401 3564 526 3612 quas
570 3547 732 3596 civiles
777 3549 993 3604 vocabat,
1037 3548 1237 3597 aliarum

163 3629 378 3662 verarum
395 3613 624 3661 virtutum
641 3612 832 3671 similes,
847 3628 954 3677 quae
969 3612 1057 3659 nisi
1074 3612 1242 3676 paucis

167 3678 466 3745 sapientibus
489 3678 664 3741 ignota)
686 3686 860 3735 666601,
874 3693 968 3725 000
991 3692 1127 3741 posse
1152 3676 1238 3724 nisi

165 3745 261 3791 veri
285 3742 442 3791 simile
465 3741 713 3791 nominari.
756 3742 876 3790 Haec
893 3750 941 3790 et
959 3742 1055 3789 alia
1075 3740 1240 3804 hujus-

169 3808 293 3857 modi
337 3806 458 3855 mihi
504 3807 724 3857 videntur
774 3805 897 3855 inter
949 3820 1242 3855 successores

166 3872 284 3936 ejus,
305 3879 543 3936 quantum
571 3877 808 3936 poterant,
829 3886 930 3927 6666
964 3878 1166 3927 servata,
1189 3876 1236 3918 et

199 3952 248 3985 ro
269 3936 510 4011 mysteriis
531 3935 778 3985 custodita.
846 3936 960 3983 Non
991 3934 1118 3983 enim
1153 3942 1238 3983 aut

187 4002 306 4051 acile
329 4009 422 4049 1616
443 4000 785 4067 percipiuntur,
803 3998 894 4048 nisi
915 4000 978 4049 ab
999 4000 1068 4047 eia
1082 3999 1164 4063 qui
1185 4014 1235 4048 se

168 4066 228 4114 ab
257 4066 482 4115 omnibus
511 4064 640 4113 vitiis
671 4064 972 4119 mundantes,
1008 4063 1056 4111 in
1091 4064 1236 4113 aliam

167 4129 428 4193 quamdam
454 4129 566 4195 plus
588 4145 734 4193 quam
756 4128 1012 4177 humanam
1044 4144 1234 4177 consue·

167 4194 384 4243 tudinem
414 4194 774 4249 vindicaverint,
806 4202 890 4242 aut
917 4208 1013 4241 000
1040 4193 1242 4255 graviter

166 4270 338 4324 peccat
372 4257 592 4323 quisquis
620 4273 680 4307 ea
714 4258 865 4307 sciens
896 4256 1133 4320 quoslibet
1164 4257 1250 4305 ho-

167 4323 322 4373 mines
355 4322 530 4372 docere
571 4321 784 4373 voluerit.
852 4324 1014 4381 Quare
1052 4338 1161 4374 cum
1199 4321 1249 4370 in

169 4388 315 4437 falsas
336 4386 589 4454 opiniones
611 4402 745 4437 ruere
780 4387 919 4435 turba
951 4386 1010 4435 sit
1045 4387 1250 4451 pronior,

170 4461 216 4500 61
257 4453 606 4502 consuetudine
644 4467 890 4516 corporum
933 4454 1095 4501 omnia
1145 4464 1250 4501 6666

171 4532 402 4582 corporea
437 4515 682 4572 facillime,
723 4518 802 4567 sed
838 4515 976 4565 noxie
1011 4515 1247 4573 credatur,

1288 2591 1400 2631 61101
1437 2598 1545 2646 qum
1590 2600 1724 2633 novae
1762 2584 2041 2633 Academiae
2078 2583 2364 2637 tribuuntur.

1291 2647 1404 2710 quia
1447 2662 1607 2696 eorum
1668 2648 1989 2697 necessitatem
2036 2655 2218 2697 veteres
2270 2662 2365 2695 non

1293 2710 1587 2760 habebant.”
1646 2728 1689 2762 c.
1736 2712 1969 2761 Academ.
2012 2713 2046 2762 1.
2088 2710 2157 2759 iii.
2197 2728 2242 2760 c.
2287 2712 2365 2760 17.

1295 2780 1327 2803 “
1349 2776 1561 2824 Tantum
1578 2786 1693 2827 11106
1710 2777 1943 2827 variarum
1960 2785 2195 2827 sectarum
2208 2776 2367 2826 studia
2415 2791 2419 2805 ¹

1293 2839 1578 2901 flagrabant,
1624 2849 1677 2889 ut
1723 2841 1839 2889 nihil
1885 2842 2189 2890 metuendum
2245 2850 2367 2889 esset

1297 2904 1411 2953 nisi.
1441 2903 1545 2953 falsi
1590 2906 1879 2971 approbatio.
1978 2906 2151 2955 Pulsus
2206 2913 2366 2953 autem

1295 2969 1498 3081 gulisque
1532 2970 1627 3017 illis
1660 2971 1947 3033 argumentis
1976 2972 2037 3023 ab
2070 2986 2145 3027 eo,
2166 2970 2295 3035 quod
2317 2983 2369 3019 66

1331 3049 1480 3081 rmum
1522 3043 1571 3082 et
1600 3035 1925 3082 inconcussum
1962 3042 2119 3083 tenere
2152 3033 2365 3082 credide-

1297 3105 1387 3155 rat,
1415 3106 1547 3146 tauto
1570 3100 1861 3147 constantius
1879 3106 2023 3162 atque
2036 3098 2223 3147 cautius
2235 3096 2369 3146 aliud

1296 3164 1557 3226 quaerebat,
1594 3170 1773 3225 quanto
1802 3173 1851 3211 61
1880 3162 1929 3210 ἱο
1968 3162 2177 3212 moribus
2217 3161 2367 3226 major

1298 3235 1400 3275 6161
1421 3227 1671 3282 industria,
1695 3236 1741 3275 et
1764 3227 1813 3275 in
1836 3235 2006 3276 natura
2036 3242 2187 3275 rerum
2224 3235 2367 3290 atque

1299 3292 1561 3341 animorum
1626 3291 1855 3341 altissima
1906 3300 1957 3340 et
2005 3290 2373 3357 implicitissima

1299 3356 1445 3404 latere
1477 3355 1647 3404 veritas
1678 3357 1975 3404 sentiebatur.
2042 3358 2201 3405 Tanta
2235 3370 2371 3419 porro

1301 3436 1428 3469 nunc
1467 3419 1579 3481 suga
1622 3420 1794 3467 laboris
1834 3428 1883 3468 et
1918 3422 2099 3468 incuria
2141 3422 2370 3470 bonarum

1303 3483 1490 3539 artium,
1513 3493 1567 3533 ut
1600 3486 1741 3533 simul
1774 3494 1917 3549 atque
1951 3486 2177 3541 sonuerit,
2198 3485 2373 3535 acutis·

1303 3549 1434 3597 simis
1455 3548 1747 3615 philosophis
1770 3565 1872 3598 esse
1904 3548 2053 3598 visum
2090 3550 2206 3598 nihil
2239 3564 2373 3615 posse

1303 3612 1654 3678 comprehendi,
1702 3614 1944 3662 dimittant
1998 3622 2179 3663 mentes
2231 3622 2279 3662 et
2323 3613 2375 3661 in

1305 3687 1533 3726 aeternum
1588 3678 1847 3727 obducant.
1913 3680 2044 3743 Aug.
2091 3681 2181 3745 Ep.
2230 3680 2265 3728 i.
2310 3678 2375 3727 ad

1308 3744 1533 3805 Hermog.
1598 3744 1771 3791 Eorum
1795 3752 1953 3791 tamen
1976 3750 2009 3772 ‘⁸
2034 3744 2281 3801 rationem,
2304 3742 2377 3790 illi

1307 3808 1504 3873 tempori
1536 3822 1812 3871 congruam,
1834 3808 1974 3856 6101111
1994 3824 2103 3857 cum
2133 3808 2150 3856 i
2184 3816 2373 3857 6016111-

1301 3888 1410 3937 pore
1434 3873 1671 3938 sepultam
1694 3874 1830 3921 6666”
1853 3872 2091 3929 debuisse,
2112 3873 2127 3920 i
2162 3887 2237 3921 em
2261 3886 2375 3919 con·

1301 3936 1470 3985 tendit.
1481 3944 1490 3955 ·
1503 3938 1574 3999 (6.
1588 3937 1743 3986 Acad.
1762 3936 1814 3985 ii.
1834 3936 1909 3998 l.)
1935 3942 1969 3987 ‘f
1994 3936 2235 3986 Omnino·
2250 3934 2377 3983 enim

1301 4009 1313 4030 ⁸
1320 4008 1334 4029 ‘
1349 4001 1567 4049 civitasD
1572 4000 1614 4049 ei
1624 4000 1767 4051 talem
1779 4001 2123 4051 dubitationem
2133 4008 2377 4062 tamquam

1301 4065 1593 4114 dementiam
1623 4064 1899 4120 detestatur,
1928 4066 2111 4113 habens
2140 4064 2199 4115 de
2234 4064 2375 4112 rebus

1303 4144 1423 4193 quas
1443 4138 1603 4178 mente
1628 4136 1769 4191 atque
1794 4128 1975 4179 ratione
2000 4126 2372 4195 comprehendit,

1303 4193 1486 4243 etiamsi
1506 4208 1719 4258 parvam,
1744 4200 1757 4219 ‘
1781 4201 1967 4259 propter
1988 4208 2156 4257 corpus
2178 4208 2373 4258 corrup-

1313 4258 1447 4307 tibile
1459 4258 1591 4322 quod.
1604 4266 1833 4321 aggravat
1847 4258 2089 4313 animam,’
2110 4256 2381 4321 (quoniam,

1315 4324 1436 4373 sieut
1473 4322 1589 4372 dicit
1630 4324 1799 4387 Apost.
1837 4331 1851 4352 ‘
1878 4338 1937 4371 ex
1980 4329 2115 4388 parte
2156 4321 2383 4383 scimus’)

1316 4395 1476 4438 tamen
1495 4386 1803 4437 certissimam
1826 4387 2123 4437 seientiam.”
2166 4388 2247 4435 De
2280 4384 2383 4435 Civ-

1315 4452 1430 4509 Dei,
1453 4453 1488 4501 l.
1513 4452 1608 4503 xix.
1628 4468 1673 4501 c.
1706 4453 1781 4501 18.
