3042 5059
625 353 744 411 194
1183 349 1248 410 S.
1295 347 1814 412 AUGUSTINI
1862 345 2277 412 EPISCOPI

619 524 696 566 ac
725 501 1086 585 periculosa
1113 499 1454 565 dulcedine
1477 503 1700 567 condit
1726 504 1922 568 vitam
1952 501 2171 567 saeculi
2200 499 2388 564 caecis
2416 494 2831 560 amatoribus.

621 601 751 675 Qui
779 611 993 664 autem
1023 607 1089 664 et
1115 599 1196 663 de
1223 601 1374 685 ipsa
1412 602 1673 666 laudare
1703 611 1767 666 te
1807 609 2063 678 norunt,
2092 604 2131 634 “
2164 601 2378 664 Deus²
2406 607 2655 660 creator
2696 615 2834 656 om-

617 702 856 782 nium,”
878 713 1214 766 assumunt
1239 723 1381 765 eam
1409 702 1481 765 in
1508 703 1751 785 hymno
1782 711 1914 780 tuo,
1934 723 2065 764 non
2096 704 2515 764 absumuntur
2542 698 2626 759 ab
2658 716 2737 757 ea
2761 694 2835 755 in

621 824 847 868 somno
865 825 1012 864 suo:
1043 802 1136 866 sic
1159 822 1301 865 esse
1323 804 1537 886 cupi0.
1598 803 1857 866 Resisto
1880 801 2357 866 seductionibus
2380 798 2733 868 oculorum,
2748 815 2833 855 ne

619 907 1030 989 implicentur
1054 903 1254 987 pedes
1282 905 1432 982 mei,
1463 906 1701 988 quibus
1734 905 2057 986 ingredior
2092 905 2260 966 viam
2300 911 2515 976 tuam3
2562 905 2629 960 et
2658 897 2835 976 erigo

387 1007 572 1119 {52²⁴-
619 1007 707 1072 ad
747 1014 812 1069 te
855 1005 1215 1068 invisibiles
1261 1007 1506 1082 ocuIOS,
1544 1015 1619 1068 ut
1656 1014 1726 1069 tu
1760 1008 1993 1068 evellas
2030 1006 2111 1068 de
2148 1007 2373 1087 laqueo
2405 1001 2607 1082 pedes
2646 1019 2832 1060 meos.

451 1105 466 1120 ⁰
621 1110 728 1172 Tu
779 1105 1050 1171 subinde
1095 1106 1316 1170 evellis
1359 1128 1492 1184 eOS,
1536 1129 1689 1170 nam
1734 1108 2177 1192 illaqueantur.
2283 1106 2389 1168 Tu
2436 1123 2569 1164 non
2622 1121 2835 1163 cessas

621 1210 913 1285 evellere,
942 1228 1064 1288 ego
1103 1214 1319 1270 autem
1358 1209 1583 1269 crebro
1623 1207 1837 1270 haereo
1879 1208 1946 1269 in
1986 1207 2229 1290 ubique
2268 1203 2506 1288 sparsis
2539 1198 2831 1263 insidiis:

385 1319 470 1367 Pa.
498 1320 610 1376 120,
625 1313 928 1395 quoniam
957 1330 1090 1370 non
1119 1309 1417 1384 dormies-⁹,
1443 1329 1651 1390 neque
1680 1307 2079 1385 dormitabis,
2108 1309 2223 1391 qui
2250 1306 2531 1369 custodis
2562 1303 2793 1365 Israel.

387 1385 436 1432 ⁴⁶
711 1415 815 1473 53.
862 1409 1075 1482 Quam
1101 1409 1611 1488 innumerabilia,
1639 1409 1833 1472 variis
1861 1410 2105 1472 artibus
2132 1416 2198 1472 et
2226 1406 2527 1491 opificiis,
2548 1406 2619 1466 in
2648 1402 2834 1466 vesti-

620 1513 766 1589 bus,
824 1509 1300 1588 calceamentis,
1360 1510 1553 1586 vasiS,
1612 1517 1677 1572 et
1742 1508 2179 1593 cujuscemodi
2244 1505 2769 1572 fabricationibus
2782 1501 2836 1579 *,

620 1611 890 1695 picturis
919 1611 1134 1686 etiam,
1163 1609 1561 1693 diversisque
1591 1609 1937 1690 figmentis,
1966 1618 2157 1692 atque
2186 1609 2291 1672 his
2327 1629 2515 1670 usum
2542 1625 2837 1668 necessa·

622 1712 789 1774 rium
819 1721 1014 1794 atque
1042 1710 1439 1773 moderatum
1467 1719 1535 1772 et
1553 1710 1731 1792 piam
1754 1710 2291 1791 significationem
2306 1709 2501 1788 longe
2522 1715 2837 1785 transgre-

626 1811 972 1888 dientibuS,
1001 1809 1387 1874 addiderunt
1423 1809 1719 1873 homines
1764 1811 1847 1873 ad
1884 1811 2219 1874 illecebras
2257 1809 2627 1882 oculorum3
2672 1805 2840 1867 foras

627 1920 970 1995 sequentes
998 1910 1177 1994 quod
1204 1910 1469 1987 faciunt,
1495 1910 1671 1974 intus
1698 1910 2129 1994 relinquentes
2160 1932 2201 1972 a
2235 1930 2366 1993 quo
2396 1907 2550 1972 facti
2580 1913 2750 1983 sunt,
2780 1913 2847 1966 et

625 2014 1124 2077 exterminantes
1163 2013 1340 2096 quod
1377 2013 1529 2076 facti
1560 2011 1741 2076 sunt!
1788 2017 1876 2078 At
1912 2035 2055 2096 ego,
2087 2013 2269 2076 Deus
2304 2033 2507 2090 meuS,
2538 2018 2602 2074 et
2640 2009 2845 2072 decus

625 2135 860 2190 meum,
903 2115 1098 2178 etiam
1144 2114 1296 2176 hinc
1355 2113 1477 2178 tibi
1536 2114 1685 2179 dico
1737 2115 2070 2197 hymnum,
2115 2121 2180 2176 et
2238 2111 2531 2176 sacrifico
2585 2108 2847 2173 laudem

627 2214 1042 2278 sacrificatori
1088 2234 1232 2276 meo
1246 2211 1308 2288 '3
1362 2215 1669 2297 quoniam
1711 2215 1980 2298 pulchra
2022 2213 2285 2298 trajecta
2326 2233 2442 2297 per
2484 2212 2730 2274 animas
2776 2211 2848 2272 in

627 2336 856 2378 manus
900 2314 1278 2378 artificiosas
1296 2319 1337 2391 ⁸,
1369 2316 1450 2376 ab
1491 2315 1607 2377 illa
1632 2315 2108 2397 pulchritudine
2150 2314 2434 2390 veniunt,
2464 2335 2610 2396 quae
2652 2332 2849 2394 super

630 2415 877 2494 animas
933 2423 1051 2492 est,
1109 2414 1214 2477 cui
1273 2414 1553 2497 suspirat
1619 2416 1833 2479 anima
1895 2438 2041 2480 mea
2098 2415 2201 2478 die
2260 2437 2335 2478 ac
2401 2422 2610 2477 nocte.
2714 2411 2849 2476 Sed

629 2515 1182 2599 pulchritudinum
1199 2514 1587 2577 exteriorum
1604 2523 1967 2597 operatores
1983 2523 2048 2578 et
2064 2522 2406 2578 sectatores
2422 2512 2573 2576 inde
2590 2513 2852 2576 trahunt

631 2614 1034 2699 approbandi
1066 2613 1350 2698 modum,
1378 2636 1512 2676 non
1543 2623 1757 2678 autem
1783 2615 1936 2678 inde
1966 2616 2230 2678 trahunt
2265 2609 2525 2677 utendib
2559 2611 2847 2675 modum.

399 2729 478 2778 Ps.
500 2730 582 2785 58,
630 2720 725 2782 Et
749 2719 844 2781 ibi
873 2726 990 2794 est,
1013 2724 1076 2779 et
1103 2737 1234 2778 non
1263 2716 1488 2780 vident
1513 2739 1664 2780 eum
1682 2725 1727 2795 ⁶,
1748 2727 1824 2781 ut
1847 2739 1979 2780 non
2008 2727 2157 2780 eant
2184 2717 2461 2798 longiuS,
2490 2714 2847 2797 etfortitu·

399 2795 472 2841 ¹⁰⁰
632 2819 850 2882 dinem
879 2838 1064 2881 suam
1095 2818 1187 2880 ad
1215 2825 1278 2880 te
1307 2817 1699 2896 custodiant,
1727 2839 1849 2882 nec
1880 2839 2021 2880 eam
2051 2825 2357 2901 spargant
2396 2817 2465 2878 in
2506 2813 2851 2877 deliciosas

631 2921 1062 2984 lassitudines.
1137 2922 1286 3000 Ego
1317 2931 1532 2983 autem
1561 2920 1702 2983 haec
1731 2920 2003 3004 loquens
2033 2929 2226 3004 atque
2256 2920 2625 2983 discernens
2656 2917 2850 2980 etiam

631 3022 774 3085 istis
802 3021 1093 3106 pulchris
1125 3041 1410 3102 gressum
1438 3020 1737 3096 innect03
1777 3019 1894 3083 sed
1924 3028 1994 3083 tu
2022 3021 2263 3099 evellis,
2292 3019 2594 3096 Domine,
2626 3018 2853 3082 evellis

401 3133 726 3200 Ps.25,3.tu,
747 3124 1052 3207 quoniam
1083 3121 1532 3184 misericordia
1555 3129 1673 3183 tua
1694 3130 1850 3186 ante
1870 3124 2081 3184 oculos
2108 3143 2279 3185 meos
2304 3129 2418 3184 est.
2486 3123 2658 3183 Nam
2677 3123 2705 3150 ¹*
2728 3141 2852 3200 ego

634 3231 854 3312 capior
893 3227 1354 3306 miserabiliter,
1401 3233 1466 3289 et
1511 3234 1583 3288 tu
1635 3226 1855 3289 eveHis
1905 3225 2433 3303 misericorditem
2502 3222 2853 3306 aliquando

631 3351 764 3392 non
807 3329 1207 3406 sentientem,
1249 3329 1404 3413 quia
1449 3327 1824 3409 suspensius
1870 3327 2257 3404 incideram3
2311 3324 2663 3409 aliquando
2704 3345 2851 3390 cum

634 3429 878 3506 dolore,
908 3429 1063 3513 quia
1081 3427 1220 3512 jam
1247 3429 1647 3490 inhaeseram.
2665 3489 2673 3496 ,

408 3541 622 3590 XXXV.
723 3528 825 3590 54.
874 3531 1027 3591 Huc
1073 3526 1320 3591 accedit
1365 3527 1494 3590 alia
1538 3527 1741 3589 forma
1788 3529 2158 3592 tentationis
2203 3527 2628 3610 multiplicius
2680 3522 2851 3607 peri-

402 3607 549 3717 {³822}
563 3668 623 3715 ad
637 3627 876 3690 culosa.
965 3626 1242 3690 Praeter*
1289 3627 1460 3690 enim
1497 3627 2089 3710 concupiscentiam
2128 3630 2359 3707 carnis,
2397 3651 2543 3713 quae
2578 3627 2751 3690 inest
2786 3626 2856 3686 in
2936 3649 2947 3664 ·

406 3747 572 3780 secun-
640 3728 1060 3800 delectatione
1107 3728 1392 3791 omnium
1437 3751 1739 3793 sensuum
1784 3738 1849 3793 et
1892 3732 2314 3814 voluptatum,
2358 3733 2463 3795 cui
2510 3730 2856 3794 servientes

399 3797 604 3909 ῗὲᾇὲζῗῖ
607 3822 628 3834 “
641 3828 989 3911 depereunt
1060 3829 1172 3913 qui
1240 3830 1432 3910 longe
1505 3851 1575 3892 se
1641 3829 1886 3894 faciunt
1949 3853 1988 3894 a
2058 3838 2144 3908 te,
2211 3832 2382 3896 inest
2444 3831 2675 3897 animae
2740 3850 2857 3912 per

706 3995 738 4024 ²
770 3992 976 4042 Carmen
1002 3991 1241 4041 Ambrosii
1263 3991 1388 4056 quod
1410 3990 1547 4039 initio
1568 3991 1714 4040 noctis
1780 3991 2006 4054 fulgentia
2041 3993 2162 4043 lucis
2202 4001 2313 4043 tuoe.
2379 3994 2475 4043 Sed
2514 3995 2703 4047 umbra.
2742 3993 2856 4040 dum

643 4065 834 4105 cantare
855 4058 978 4106 soliti
1003 4066 1125 4105 sunt·
1164 4056 1279 4106 Vid.
1300 4071 1404 4121 sup.
1430 4057 1465 4103 1.
1487 4055 1551 4104 ix.
1574 4057 1615 4118 §.
1632 4056 1715 4104 32.
1779 4057 2335 4121 amatur-‚languidiorem
2354 4058 2466 4106 facit
2480 4058 2671 4106 oculum
2692 4057 2857 4113 animi,

707 4125 733 4153 ⁸
765 4121 858 4168 Ins.
880 4121 914 4170 1.
936 4121 1000 4169 xi.
1022 4137 1063 4170 c.
1083 4125 1134 4170 5.
1491 4176 1498 4180 .
1778 4130 1827 4168 et
1848 4121 2174 4171 invalidiorem
2196 4123 2258 4172 ad
2280 4122 2612 4188 perferendum
2630 4135 2859 4186 conspee-

710 4183 737 4220 b
770 4185 886 4232 Vid.
909 4201 1013 4250 sup.
1037 4185 1099 4232 ad
1120 4200 1162 4232 c.
1185 4183 1266 4231 29.
1291 4189 1388 4232 not.
1411 4199 1460 4247 p.
1782 4194 1880 4232 tum
1911 4194 2061 4234 tuum.
2130 4189 2383 4250 Propterea
2417 4186 2568 4250 magis
2608 4185 2858 4248 magisque

707 4252 730 4280 ⁶
763 4249 1029 4311 Tamquam
1063 4248 1187 4296 enim
1230 4247 1420 4296 dorsum
1455 4245 1515 4294 ad
1550 4255 1598 4296 te
1660 4294 1665 4298 .
1692 4275 1712 4285 -
1778 4248 1917 4298 homo
1936 4252 2223 4306 tenebratur,
2241 4250 2355 4299 dum
2378 4259 2587 4299 sectatur
2610 4249 2855 4303 libentius.

644 4318 826 4368 nentes,
850 4312 900 4359 in
923 4311 1104 4360 carnali
1137 4325 1278 4375 opere
1299 4311 1430 4360 velut
1461 4311 1511 4358 in
1546 4327 1624 4361 um
1662 4327 1713 4359 ra
1778 4313 2009 4377 quidquid
2029 4314 2325 4363 infirmiorem
2348 4313 2647 4363 tolerabilius
2666 4313 2859 4380 excipit.

643 4391 732 4424 sua
755 4374 1039 4439 defiguntur,
1059 4384 1108 4424 et
1127 4383 1288 4424 tamen
1309 4375 1450 4425 etiam
1487 4375 1555 4424 ibi
1585 4375 1713 4439 quod
1779 4379 1856 4425 Ex
1890 4392 1985 4441 quo
2018 4377 2184 4444 incipit
2228 4395 2321 4427 non
2428 4394 2502 4426 sse
2534 4377 2699 4426 videre
2732 4377 2855 4442 quod

645 4453 725 4488 eos
759 4439 982 4497 delectat,
1007 4439 1164 4489 adhuc
1201 4439 1378 4490 habent
1414 4440 1474 4489 de
1511 4441 1713 4490 circum·
1778 4457 1961 4492 summe
1978 4449 2067 4493 est.
2111 4443 2241 4507 Aug.
2256 4444 2317 4493 de
2336 4442 2371 4492 li
2407 4475 2421 4492 .
2444 4443 2547 4492 arb.
2571 4442 2606 4492 1.
2628 4442 2665 4491 i.
2688 4442 2735 4504 ς.
2757 4443 2838 4490 43.
