3042 5059
1128 431 1454 493 INDEX.

178 586 448 638 Conversio
465 589 527 638 ad
543 590 722 640 Deum.
757 591 820 639 In
835 592 1132 642 conversione
1149 607 1256 658 pec·

247 655 460 701 catorum
499 655 636 704 Deus
669 663 717 704 et
751 655 924 720 Angeli
959 657 1108 722 magis
1139 673 1254 720 gau-

2278 449 2399 503 313

1325 590 1527 704 De⁷b⁴itor
1574 591 1630 640 fit
1682 594 2061 658 promissionibus
2101 597 2197 648 suis
2241 600 2393 659 Deus,

248 716 384 773 dent,
424 718 534 767 129.
592 721 652 767 ln
692 720 991 770 conversione
1028 723 1256 772 nobilium
1324 718 1613 780 Decalogus,
1649 727 1661 747 ⁶
1690 722 1959 786 psalterium
1992 725 2157 776 decem
2192 726 2391 777 chorda-

247 796 395 842 quare
419 782 524 846 plus
546 783 820 841 laetandum,
847 786 956 833 131.

1388 785 1529 839 rum,’
1548 785 1630 838 37,
1655 794 1703 833 et
1726 800 1772 834 n.

180 843 340 910 Copia
361 847 514 896 omnis
535 863 642 912 quoe
669 851 804 898 Deus
837 865 932 898 non
963 858 1052 910 est,
1073 859 1256 915 egestas
1323 847 1556 898 Defectus
1578 849 1687 897 solis
1721 859 1769 897 et
1785 849 1913 900 lunae
1940 865 1967 898 a
1991 851 2279 919 philosophis
2310 871 2390 903 ac·

247 918 338 967 est;
361 912 480 962 254.

183 973 284 1021 Cor
306 974 546 1039 figendum
566 974 616 1024 in
641 976 748 1026 Deo
770 983 943 1026 eterno
957 986 1013 1026 ut
1022 980 1255 1038 stet,2l2,

249 1039 332 1086 65.
379 1041 546 1090 Cordis
567 1039 670 1106 puri
692 1041 856 1090 vitales
887 1042 1068 1091 delicias
1105 1045 1254 1100 Deus,

248 1103 368 1151 266.
413 1105 510 1154 Cor
531 1106 728 1154 volitans
752 1106 800 1153 in
857 1107 1069 1157 raeteritis
1095 1117 1145 1157 et
1177 1108 1250 1158 fu-

249 1166 365 1216 tun's
387 1185 538 1218 rerum
563 1169 766 1219 motibus
789 1185 813 1218 a
852 1170 944 1220 huc
969 1186 1138 1220 vanum
1163 1181 1250 1232 est,

247 1232 362 1279 212.
412 1234 510 1282 Cor
531 1235 742 1283 clausum
777 1251 871 1284 non
903 1237 1109 1286 excludit
1139 1253 1255 1287 ocu·

247 1295 348 1344 lum
374 1298 488 1355 Dei,
511 1300 590 1348 63.
635 1299 802 1348 Cordis
820 1299 1061 1349 hominum
1081 1303 1254 1352 duritia

251 1373 448 1410 manum
473 1364 568 1412 Dei
591 1379 684 1412 non
707 1363 908 1429 repellit,
931 1366 998 1414 ib.

185 1421 503 1540 Corpori2n52n
526 1428 614 1477 hoe
636 1435 707 1477 est
727 1443 828 1477 esse
851 1430 973 1493 quod
1000 1428 1250 1494 pulchrum

246 1503 367 1544 esse.
488 1528 502 1541 .

185 1550 382 1602 Creatio
417 1555 532 1604 coeli
566 1563 614 1604 et
649 1563 802 1610 terre.
833 1557 950 1606 226.
997 1559 1117 1634 Ejus
1137 1547 1255 1609 alle-

245 1619 412 1680 gorica
453 1619 696 1686 expositio,
748 1621 861 1670 278.
931 1623 1072 1672 Vane
1113 1624 1253 1672 intel-

244 1681 412 1754 ligitur
444 1685 570 1750 quod
605 1683 847 1750 Scriptura
879 1685 994 1735 dicit
1015 1688 1074 1738 de
1110 1689 1255 1738 Crea-

246 1753 376 1796 tione
417 1765 590 1805 rerum,
627 1751 725 1798 236
757 1765 830 1814 sq.
890 1752 1142 1810 Quomodo
1183 1769 1254 1802 re-

245 1815 576 1922 ffondendum
607 1815 838 1875 querenti
858 1823 873 1843 ⁶
899 1817 1029 1874 Quid
1051 1817 1258 1867 faciebat

299 1892 388 1926 eus
421 1887 530 1926 ante
562 1878 672 1926 coeli
694 1888 740 1926 et
761 1887 894 1928 terre
923 1882 1257 1932 creationem’t

243 1941 365 2054 {g}
405 1943 480 1992 Ex
503 1942 651 1991 nihilo
669 1943 805 1992 Deus
825 1943 935 1994 fecit
949 1947 1126 2007 omnia,
1140 1949 1255 2005 209,

179 2063 421 2118 Creatura
439 2070 616 2135 duplex
636 2085 801 2119 carens
821 2080 1045 2138 tempore,
1067 2076 1181 2123 231.

181 2129 524 2183 creaturarum
564 2150 646 2200 per
685 2137 856 2198 gradus
892 2139 1156 2187 ascenditur
1192 2139 1254 2188 ad

251 2198 351 2247 Dei
385 2199 714 2261 cognitionem,
752 2201 862 2257 172,
909 2203 1014 2258 119,
1042 2205 1151 2263 161,
1173 2207 1255 2254 63.

245 2261 462 2313 clamant
474 2271 506 2293 ‘⁴
516 2265 732 2329 [preficit
745 2281 820 2312 nos
830 2265 881 2322 ;”
903 2266 1082 2316 clamor
1095 2285 1256 2318 earum

248 2336 325 2375 est
345 2329 526 2392 species
547 2344 726 2386 earum,
755 2330 863 2386 172,
883 2332 999 2380 208.

183 2389 446 2441 creaturas
489 2409 650 2441 omnes
693 2394 840 2442 bonas
891 2410 992 2444 esse
1038 2398 1257 2446 adversus

250 2456 568 2515 Manichaeoe‚
596 2459 707 2512 117,
737 2460 842 2507 118.

185 2519 411 2571 Credere.
480 2521 726 2572 catholica
782 2519 995 2572 doctrina
1035 2525 1256 2588 quaedam

245 2586 380 2697 331⁶&
405 2586 560 2651 jubet,
595 2603 705 2650 quae
737 2602 830 2635 non
865 2587 1256 2650 demonstrantur,

184 2710 370 2761 Critica
401 2713 609 2770 medicis,
633 2729 742 2778 quae
777 2713 882 2764 aliis
910 2716 1117 2764 accessio
1140 2716 1256 2766 dici·

247 2785 344 2837 tur,
368 2779 446 2826 83.

181 2841 338 2889 Cunae
363 2841 642 2896 nutritoriae.
665 2843 778 2889 244.

181 2905 440 2969 Cupiditas
481 2906 667 2971 triplex.
712 2905 982 2970 voluptatis.
1039 2906 1253 2957 domina-

247 2971 408 3025 tionis,
430 2978 478 3020 et
501 2970 792 3034 cognitionis,
819 2971 932 3029 187,
948 2980 997 3020 et
1023 2975 1253 3022 n.·—201.

243 3036 538 3098 Merguntur
571 3035 783 3084 homines
822 3035 1028 3099 pondere
1070 3037 1254 3102 cupidi-

245 3100 362 3147 tatis
383 3109 430 3148 et
449 3100 644 3150 terrenis
661 3100 924 3156 affectibus,
941 3109 989 3150 et
1008 3113 1256 3165 emergunt

241 3164 454 3214 caritatis
473 3164 794 3214 sublevatione
829 3172 874 3212 et
896 3166 1062 3230 spiritu
1083 3166 1253 3214 sancti·

245 3229 379 3284 tatis,
401 3229 519 3277 253.

179 3288 446 3342 Curiositas
481 3293 644 3347 libera,
683 3290 832 3356 magis
869 3291 932 3339 ad
978 3292 1253 3342 discendum

243 3366 400 3420 potest
423 3374 565 3419 quam
591 3357 864 3405 meticulosa
887 3358 1155 3413 necessitas,
1179 3358 1256 3406 13.

1391 922 1553 962 curate
1581 914 1899 978 praenuntiati,
1926 916 2008 964 65.

1324 975 1668 1026 Defunctorum
1690 993 1882 1043 corpore
1904 979 2123 1028 memoria
2146 980 2206 1028 ad
2242 981 2391 1031 altare

1385 1041 1484 1090 fieri
1507 1043 1663 1100 solita,
1692 1044 1795 1091 167.
1834 1043 1977 1102 Quod
2008 1059 2091 1108 pro
2109 1059 2158 1092 se
2182 1048 2392 1110 postulat

1385 1106 1634 1162 Mounica,
1658 1108 1767 1157 163.
1808 1110 1901 1156 Pro
1919 1116 2051 1173 patre
2066 1124 2153 1156 suo
2173 1111 2392 1166 Patricio,

1387 1179 1436 1218 et
1459 1179 1607 1219 matre
1632 1173 1859 1221 Monnica
1884 1172 2252 1226 defunctis,vu1t
2274 1177 2395 1224 orari

1382 1233 1443 1282 ad
1457 1235 1607 1283 altare
1624 1235 1755 1298 Aug.
1775 1229 1887 1285 1671
1909 1253 1964 1286 ac
1981 1237 2180 1300 ipsemet
2192 1248 2309 1294 orat,
2326 1242 2391 1290 ib.

1381 1299 1671 1348 Sacrificium
1685 1315 1768 1366 pro
1782 1300 2017 1351 defunctis
2026 1300 2179 1350 offerri
2188 1303 2371 1352 solitum
2380 1339 2395 1361 ,

1382 1363 1535 1427 posito
1544 1364 1684 1426 juxta
1698 1367 1996 1431 sepulchrum
2014 1367 2259 1427 cadavere,
2283 1371 2393 1417 165.

1319 1425 1675 1477 Demonstratio
1720 1445 1813 1479 non
1866 1431 1919 1479 in
1970 1430 2186 1479 omnibus
2231 1443 2393 1498 postu·

1384 1490 1547 1551 landa,
1564 1494 1645 1542 87.

1321 1618 1504 1730 DlgUS
1535 1622 1647 1670 Una
1681 1621 1904 1678 Trinitas,
1933 1631 1980 1672 et
2016 1625 2163 1674 Trina
2202 1624 2390 1683 Unitas,

1324 1747 1474 1798 Dsus
1521 1752 1703 1797 essentia
1736 1766 1819 1798 sua
1862 1750 2064 1816 idipsum
2100 1760 2169 1800 est
2210 1768 2392 1802 summe

1387 1827 1488 1862 esse
1511 1821 1560 1861 et
1578 1829 1760 1863 summe
1794 1814 1967 1873 vivere,
1989 1819 2035 1865 5.
2085 1817 2393 1883 Incorporeus

1388 1884 1474 1931 est.
1502 1879 1614 1933 115,
1634 1879 1715 1934 61.
1740 1879 1819 1928 35.

1323 1939 1430 1989 Dm
1452 1945 1629 1998 unitas,
1654 1943 1863 1992 omnium
1881 1944 2065 2003 modus,
2087 1947 2133 1994 7.

1323 2005 1433 2054 Du
1453 2007 1679 2056 attributa
1699 2007 1966 2056 summatim
1984 2008 2325 2065 describuntur,
2340 2010 2390 2068 2,

1386 2070 1437 2124 3.
1480 2073 1531 2127 5.
1565 2080 1615 2120 et
1657 2087 1706 2120 n.
1774 2074 1896 2120 Sunt
1936 2073 2311 2138 inexplicabilia,
2339 2076 2387 2122 3.

1387 2134 1500 2181 Non
1536 2145 1607 2184 est
1641 2151 1736 2200 quo
1772 2136 1833 2184 ab
1871 2153 1927 2185 eo
1961 2139 2229 2186 omnimodo
2264 2152 2392 2186 rece·

1386 2196 1544 2258 datur,
1564 2215 1705 2248 omne
1727 2201 1851 2249 enim
1881 2211 2127 2266 peccatum
2156 2218 2263 2252 eum
2286 2217 2395 2268 per·

1387 2277 1516 2316 verse
1538 2264 1762 2321 imitatur,
1784 2266 1865 2312 24.

1324 2328 1426 2376 Det
1453 2327 1707 2377 hodiernus
1723 2328 1827 2377 dies
1846 2332 2077 2377 eternitas
2096 2337 2183 2383 est,
2206 2331 2321 2384 213,
2344 2334 2392 2380 5.

1389 2392 1590 2458 Superat
1617 2393 1773 2440 omnia
1814 2394 1990 2448 futura,
2034 2395 2098 2440 ib.
2156 2396 2391 2444 Praecedit

1388 2457 2133 2585 ?13”⁰³1³23.::²²:2³3223,·„.N332³3
2164 2467 2392 2572 23¹3ae

1388 2583 1482 2632 dici
1522 2592 1692 2648 potest,
1728 2588 1775 2640 5,
1804 2586 1917 2634 213.
1976 2583 2172 2651 Semper
2199 2588 2315 2637 vivit
2345 2596 2395 2637 et

1389 2648 1506 2695 nihil
1530 2648 1721 2697 moritur
1741 2649 1791 2697 iu
1810 2664 1884 2705 eo,
1904 2651 1952 2697 4.

1324 2713 1471 2762 Deus
1504 2715 1665 2761 bonum
1699 2714 1827 2762 nullo
1861 2712 2073 2776 indigens
2100 2715 2240 2770 bono,
2274 2716 2390 2773 280,

1385 2778 1502 2825 249.
1578 2777 1677 2826 Sua
1719 2777 1961 2827 beatitudo
2001 2777 2103 2842 ipse
2144 2786 2231 2833 est,
2274 2781 2392 2830 251.

1387 2841 1462 2889 Ex
1486 2841 1779 2906 plenitudine
1808 2842 2029 2891 bonitatis
2054 2843 2155 2906 ejus
2185 2843 2396 2893 subsistit

1384 2915 1617 2964 creatura,
1639 2909 1754 2956 249.
1789 2907 1937 2972 Apud
1962 2907 2118 2954 Deum
2136 2906 2255 2956 vivit
2271 2923 2393 2956 sem-

1386 2985 1468 3034 per
1521 2970 1698 3019 bonum
1753 2980 1979 3025 nostrum,
2023 2979 2070 3018 et
2114 2972 2225 3035 quia
2283 2973 2392 3022 inde

1383 3048 1533 3081 aversi
1556 3051 1732 3092 sumus,
1754 3051 1954 3100 perversi
1975 3049 2155 3091 sumus,
2173 3035 2255 3084 62.
2278 3038 2389 3102 Ipse

1323 3227 1426 3274 Dsr
1451 3229 1659 3290 cognitio.
1703 3227 1780 3276 Fit
1798 3227 1899 3276 siue
1921 3227 2176 3276 variatione
2194 3229 2389 3287 notitiae,

1383 3291 1497 3339 225.
1546 3292 1685 3340 Solus
1720 3293 1856 3340 Deus
1887 3291 2014 3341 novit
2046 3292 2168 3342 sicut
2198 3294 2388 3342 omnino

1384 3362 1474 3411 est,
1493 3356 1610 3403 260.

179 3421 485 3470 Curiositatis
525 3422 584 3470 de
623 3421 752 3475 vitio,
795 3422 886 3469 194
929 3437 1032 3485 sqq.
1097 3423 1258 3480 Quare
1322 3417 1471 3468 Dans
1493 3430 1668 3466 creata
1697 3417 1805 3467 fecit
1832 3418 2009 3466 coelum
2030 3427 2078 3467 et
2101 3428 2272 3468 terram
2292 3420 2390 3470 sine

241 3486 628 3550 concupiscentia
676 3485 914 3534 oculorum
967 3487 1254 3549 designetur,

247 3552 359 3602 195.
403 3549 631 3599 Homines
657 3549 888 3598 curiosum
923 3565 1070 3611 genus
1093 3551 1155 3598 ad
1176 3567 1255 3599 co·

242 3616 564 3678 gnoscendam
583 3615 724 3663 vitam
744 3613 946 3663 alienam
955 3614 1254 3669 ,desidiosum

244 3681 306 3728 ad
330 3680 655 3744 corrigendam
679 3692 832 3736 suam,
861 3679 968 3727 169.

176 3743 360 3793 Cursus
382 3745 616 3810 publicus,
639 3743 720 3799 79,
748 3757 793 3788 n.

175 3808 410 3873 Cypriani
433 3807 651 3875 martyris
675 3808 910 3856 Memoria
927 3822 1021 3856 non
1040 3806 1200 3870 procul
1223 3822 1254 3855 a

239 3873 382 3930 mari,
407 3875 489 3921 71.

684 4129 754 4178 D.

175 4257 498 4306 Daemonibus
518 4273 610 4305 non
633 4272 728 4305 uno
751 4255 892 4305 modo
917 4254 1203 4304 sacrificatur
1220 4271 1249 4303 a

241 4323 591 4385 peccatoribus,
621 4323 698 4371 15.

1386 3481 1669 3532 distentione
1708 3483 1902 3532 actionis
1933 3499 2049 3540 suae,
2092 3485 2204 3531 225.
2256 3499 2388 3532 crea·

1384 3554 1533 3597 torem
1560 3549 1717 3597 Deum
1746 3561 1847 3596 esse
1880 3547 2031 3596 omnis
2065 3557 2246 3596 natum
2268 3548 2388 3597 indi·

1385 3620 1499 3660 cant
1519 3613 1595 3660 vel
1621 3620 1871 3677 peccantes
1896 3627 2107 3676 perverse
2138 3612 2390 3668 imitando.

1382 3677 1468 3724 24.
1510 3677 1623 3725 Non
1650 3691 1771 3725 nova
1794 3675 2034 3725 voluntate
2056 3677 2233 3726 creavit
2252 3692 2389 3726 mun-

1385 3738 1518 3797 dum,
1558 3741 1671 3789 233.
1738 3740 2006 3805 Descriptio
2042 3741 2392 3807 compendiaria

1385 3820 1579 3870 operum
1603 3804 1713 3858 Dei.
1728 3805 1845 3853 277.

1321 3866 1473 3918 Deus
1492 3873 1746 3926 immensus,
1769 3868 1943 3932 ubique
1962 3876 2051 3924 est,
2074 3870 2155 3917 64.
2202 3869 2389 3931 Ubique

1380 3939 1506 3981 totus
1528 3943 1575 3982 et
1599 3948 1830 3996 nusquam
1853 3932 2084 3988 locorum,
2111 3932 2193 3987 86,
2213 3935 2269 3979 2.
2326 3934 2388 3980 In

1379 3997 1584 4045 interiori
1625 4004 1780 4045 nostro
1818 3997 2120 4058 quaerendus,
2160 3998 2269 4053 115,
2304 3997 2385 4054 34,

1387 4062 1492 4110 173.
1540 4060 1681 4109 Falsa
1704 4058 1763 4108 de
1786 4059 2098 4108 immensitate
2140 4059 2235 4109 Dei
2270 4061 2389 4109 ima-

1378 4125 1555 4188 ginatio
1587 4117 1734 4188 Aug¹.
1768 4124 1924 4173 adhuc
1958 4124 2238 4181 Manichaei,
2278 4127 2389 4181 107,

1382 4191 1490 4239 104.
1554 4189 1648 4238 Dei
1682 4189 1929 4254 praesentia
1963 4191 2012 4237 in
2052 4190 2190 4238 rebus
2218 4203 2387 4238 caussa

1375 4261 1445 4301 est
1503 4268 1588 4302 cur
1627 4253 1738 4308 sint,
1773 4255 1825 4301 2.
1890 4254 2046 4320 Iniqui
2092 4254 2384 4319 praesentiam

1379 4317 1473 4366 Dei
1494 4333 1588 4366 non
1612 4317 1855 4382 effugiunt,
1880 4319 1963 4367 64.

173 4387 461 4442 Doemones,
485 4395 708 4450 tanquam
733 4381 962 4433 redeundi
985 4381 1046 4430 ad
1083 4382 1244 4430 Deum
1317 4383 1465 4432 Deus
1487 4385 1792 4440 immutabilis,
1816 4384 1862 4430 8.
1892 4383 1952 4430 In
1974 4398 2029 4431 eo
2053 4380 2216 4431 nullus
2236 4395 2385 4428 novus

239 4451 542 4510 mediatores,
575 4450 823 4500 infeliciter
852 4447 1096 4498 coluerunt
1134 4461 1249 4494 non-

240 4515 383 4571 nulli,
406 4519 523 4565 202.

174 4579 375 4635 Danae,
401 4580 476 4629 14.

1381 4455 1549 4502 motus,
1574 4449 1690 4500 211,
1711 4449 1827 4495 233.
1867 4447 1966 4495 Scit
1996 4454 2043 4496 et
2075 4446 2178 4494 vult
2212 4446 2380 4493 immu-

1383 4511 1607 4569 tabiliter,
1647 4513 1763 4568 260,
1811 4511 1926 4559 256.
1990 4511 2102 4558 Non
2144 4516 2216 4558 est
2265 4509 2385 4557 alias

1383 4576 1532 4636 aliud,
1560 4591 1650 4625 nec
1672 4577 1793 4624 alias
1816 4575 1964 4634 aliter,
1988 4575 2069 4623 sed
2106 4573 2303 4640 idipsum
2338 4583 2386 4621 et
