3042 5059
1227 244 1550 304 INDEX.

279 399 658 452 Reminiscentia
675 403 808 468 quid,
839 405 948 452 181.

279 464 492 529 Requies
527 466 702 516 animm
745 468 874 517 solus
915 477 986 516 est
1033 467 1187 522 Deus,
1239 469 1348 516 102.

2374 257 2530 336 ³³21-

1481 404 1727 460 cadavere,
1745 405 1857 457 163.
1891 405 2183 457 Sacrificium
2196 407 2489 474 cogitationis

1479 475 1529 515 et
1552 469 1745 532 linguar,
1768 470 1885 518 206.

345 530 600 587 Quomodo
641 533 776 580 Deus
819 531 1080 595 requiescet
1123 533 1172 580 in
1215 532 1350 580 nobis
1414 531 1605 581 Sseculo
1630 548 1721 580 non
1742 541 1922 598 oportet
1956 535 2253 592 conformari,
2275 539 2358 586 sed
2380 536 2486 588 imi·

338 594 540 644 sabbato
589 604 778 646 aeternoe
833 596 960 655 vitae,
1004 595 1118 644 279.
1187 596 1247 644 In
1292 596 1350 644 iis

340 659 628 722 requiescere
674 661 844 710 dicitur
883 661 1084 726 Spiritus
1128 659 1348 714 Sanctus,

340 738 460 844 (ὸιιορ
478 723 529 772 ἰιι
553 739 602 774 se
625 725 911 788 requiescere
937 723 1067 780 facit,
1091 726 1205 774 251.
1245 725 1348 774 Vid.

394 803 512 836 ures.

281 851 547 901 Restituere
587 851 786 917 pretium
841 868 936 916 quo
992 852 1208 902 Christus
1263 868 1346 900 nos

339 915 468 970 emit,
506 931 644 966 nemo
683 917 827 974 valet,
861 926 916 966 ut
949 933 1034 966 nos
1066 919 1111 966 ei
1143 917 1342 975 auferat,

273 1043 387 1092 Rex
433 1059 558 1094 nova
609 1052 848 1110 praecepta
901 1044 1142 1110 imponere
1193 1053 1346 1110 potest

337 1109 554 1165 subdit‘u,
579 1109 660 1156 37.

273 1171 534 1222 Rhetorica
567 1172 735 1222 dicitur
774 1167 1018 1222 vict‘oriosa
1064 1173 1345 1236 loquacitas,

339 1237 419 1285 46.
468 1237 598 1284 illam
629 1238 766 1286 docet
798 1237 926 1300 Aug.
957 1238 1038 1286 46.
1086 1237 1344 1300 Thagaste,

338 1301 422 1356 46,
440 1303 523 1354 52,
555 1302 637 1349 49.
681 1302 991 1364 Carthagine,
1027 1303 1105 1350 52.
1159 1301 1341 1359 anae,

339 1365 418 1422 70,
441 1366 523 1415 78.
566 1364 850 1420 Mediolani,
881 1368 960 1414 79.
1004 1365 1132 1414 illius
1165 1366 1338 1430 profes·

336 1427 512 1478 sionem
535 1428 722 1484 deserit,
747 1431 859 1479 149.

273 1493 494 1602 Botriana
548 1493 768 1542 nobilitas
820 1493 1096 1544 idololatriae
1158 1492 1334 1551 dedita,

273 1620 479 1732 Romlani
532 1621 793 1670 scholastici
831 1622 1075 1687 magistros
1113 1622 1335 1671 fraudare

331 1701 382 1734 so
401 1685 471 1738 iti.
495 1687 574 1735 78.
983 1695 988 1698 '

273 1749 592 1800 Romanianus
635 1750 987 1814 Thagastensis.
1046 1749 1209 1816 Alypii
1253 1765 1332 1799 co·

265 1859 270 1866 ,
327 1822 517 1877 gnatus,
540 1814 668 1878 Aug.
687 1815 749 1863 ab
767 1815 958 1865 ineunte
987 1824 1128 1863 aetate
1161 1814 1332 1863 famili-

327 1879 583 1937 arissimus,
630 1880 737 1935 100,
773 1895 822 1928 ιι.
877 1879 956 1928 cui
993 1879 1053 1928 ad
1090 1881 1334 1944 peregrina

325 1943 486 1992 studia
517 1944 726 2010 pergenti
757 1954 965 1992 sumtum
1001 1943 1336 2008 suppeditavit,

327 2007 395 2054 ib.
437 2024 512 2056 res
545 2007 648 2072 ejus
681 2007 859 2072 ampla,
895 2009 959 2056 ib.
1005 2007 1332 2056 Mediolanum

327 2072 388 2118 ad
423 2073 710 2122 Comitatum
746 2073 1046 2136 Imperatoris
1065 2072 1126 2120 ob
1151 2072 1336 2136 negotia

327 2135 487 2184 venire
508 2137 776 2201 compulsus
795 2147 883 2193 est,
905 2137 1102 2184 docente
1130 2136 1198 2184 ibi
1230 2137 1334 2184 Au·

323 2201 531 2262 gustiuo,
566 2201 636 2250 ib.
681 2201 808 2251 vitae
850 2199 1091 2249 communi
1137 2200 1332 2264 agenda

327 2266 508 2314 multus
529 2265 693 2321 instat,
715 2264 783 2314 ib.

259 2327 439 2376 Romae
461 2329 721 2378 Manichaei
748 2328 910 2394 plures
939 2336 1114 2376 secreto
1148 2326 1330 2376 habita·

323 2391 459 2448 bant.
481 2396 561 2444 76.
599 2394 752 2443 verbis
776 2391 1034 2458 conceptis,
1057 2392 1338 2455 retentisque

321 2458 604 2515 memoriter,
616 2457 748 2507 reddi
767 2458 948 2506 solebat
966 2456 1074 2504 fidei
1091 2456 1337 2513 confessio,

323 2521 387 2568 ab
421 2521 478 2568 iis
510 2522 592 2586 qui
622 2521 854 2571 accessuri
881 2528 1015 2568 erant
1045 2521 1106 2569 ad
1139 2521 1338 2582 gratiam

321 2585 576 2650 Baptismi,
629 2587 739 2644 128,
774 2587 822 2634 9.
854 2585 1006 2634 offerri
1043 2583 1224 2634 solebat
1253 2600 1338 2649 pro

323 2649 517 2697 mortuis
549 2649 828 2700 sacrificium
864 2649 998 2716 pretii
1033 2649 1192 2704 nostri,
1225 2649 1329 2712 jam

314 2712 456 2776 juxta
478 2717 749 2781 sepulcrum
769 2716 920 2780 posito
943 2716 1194 2774 cadavere,
1223 2714 1329 2763 165.

765 2905 816 2952 S.

248 3033 485 3082 Sacerdos
519 3033 734 3084 Christus
766 3040 815 3082 et
847 3033 1143 3089 sacrificium,
1175 3033 1322 3083 victor

317 3105 362 3144 et
388 3097 592 3157 victima,
613 3098 728 3146 203.

255 3159 580 3211 Sacramenta.
630 3161 800 3210 Curiis
817 3176 1057 3226 egeamus,
1079 3162 1194 3210 265.
1237 3161 1322 3208 Sa-

315 3235 560 3274 cramenta
598 3225 770 3276 Christi
823 3242 907 3290 per
961 3233 1110 3274 totum
1163 3226 1322 3273 orbem

315 3297 617 3350 pervaserunt
637 3305 780 3354 opera
809 3305 1043 3338 servorum
1068 3289 1182 3344 Dei,
1205 3290 1321 3337 264.

315 3355 454 3402 Deus
464 3355 513 3403 in
533 3369 692 3404 eorum
715 3353 935 3402 ministris
954 3361 1188 3415 operatur,
1207 3355 1320 3401 266.

313 3419 624 3469 Sacramenta
659 3418 913 3476 initiorum,
943 3420 1059 3473 274,
1105 3418 1177 3474 10,
1199 3419 1250 3472 9,
1273 3432 1320 3465 ιι.

318 3481 474 3532 Homo
495 3483 715 3549 spiritalis
728 3482 912 3547 judicat
931 3483 990 3531 de
1005 3481 1319 3531 sollemnitate

321 3545 732 3596 Sacramentorum
772 3547 944 3610 quibus
986 3546 1228 3594 initiamur
1270 3553 1320 3594 et

316 3611 648 3667 Eucharistiae,
674 3613 786 3660 269.
841 3612 1149 3659 Sacramenta
1189 3609 1316 3658 Novi

311 3674 353 3720 T
355 3683 444 3725 est.
474 3675 592 3724 dant
621 3676 838 3731 salutem,
873 3681 1169 3724 sacramenta
1202 3675 1314 3724 Vet.

312 3739 444 3788 Test.
467 3741 779 3803 promiserunt
801 3740 1108 3797 Salvator-em,
1126 3739 1242 3793 263,
1266 3753 1316 3787 n.

314 3803 424 3850 Vox
446 3813 479 3834 ‘⁸
503 3804 893 3853 Sacramentum”
916 3820 998 3869 per
1017 3818 1068 3852 se
1090 3803 1315 3866 positum,

307 3866 408 3915 fere
445 3868 573 3916 valet
605 3867 894 3931 mysterium,
929 3869 1010 3925 89,
1054 3869 1165 3924 120,
1203 3867 1313 3924 128,

314 3933 428 3988 142,
452 3932 566 3988 150,
593 3933 704 3990 196,
727 3934 842 3980 201.

245 3995 608 4046 Sacramentum
630 3996 760 4054 salis,
783 3998 836 4055 9,
858 4003 909 4046 οι
929 4011 976 4044 ιι.

237 4062 606 4110 Sacramentum
647 4061 853 4127 corporis
903 4059 1099 4110 Christi.
1169 4058 1318 4108 Piscis

303 4126 366 4174 de
397 4127 632 4192 profundo
676 4127 858 4176 levatus
905 4124 1224 4173 manducatur
1267 4123 1316 4171 in

303 4205 472 4302 {aggae
484 4200 651 4255 parata
662 4191 712 4239 in
729 4197 984 4254 conspectu
1004 4188 1314 4244 credentium,

235 4317 535 4368 Sacrificium
590 4320 728 4386 pretii
783 4317 942 4375 nostri,
989 4332 1073 4382 pro
1129 4317 1319 4365 mortuis

229 4417 238 4422 -
301 4383 458 4432 offerri
481 4385 672 4434 solitum
695 4385 845 4449 posito
860 4381 998 4447 juxta
1018 4381 1316 4448 sepulchrum

1323 4482 1368 4524 Y

1482 597 1573 644 tari
1592 597 1849 646 imitatores
1872 599 2065 655 Christi,
2088 602 2203 650 267.

1415 658 1497 707 Sal
1523 660 1573 707 in
1593 662 1807 710 ecclesiis
1830 662 2217 713 occidentalibus
2249 666 2486 716 Catechu-

1480 725 1629 772 menis
1650 727 1953 789 gustandum,
1976 743 2070 792 qua
2106 739 2278 788 mente,
2300 731 2483 790 datum,

1480 789 1564 843 91,
1608 805 1656 837 ιι.
1725 789 1835 838 Sale
1880 799 1953 838 est
1996 793 2233 850 conditus,
2266 794 2392 858 Aug.
2420 797 2482 844 ab

1477 859 1613 900 utero
1635 853 1800 904 matris
1818 870 1935 909 suae,
1958 855 2009 903 9.

1411 915 1663 964 Sallustius
1682 917 1740 965 de
1766 917 1888 965 Bell.
1914 918 2021 966 Cat.
2044 921 2125 967 23.

1417 978 1600 1092 Sal-ntis¹
1614 980 1693 1093 ἷξε,
1714 981 1763 1028 in
1788 981 1973 1031 Christo
1993 991 2042 1030 et
2064 983 2314 1049 Scripturis
2342 981 2482 1035 sanc·

1477 1051 1556 1098 tis,
1698 1060 1719 1092 s
1757 1081 1771 1095 .

1412 1109 1571 1156 Sancti
1616 1062 1797 1172 antigui
1846 1109 1893 1156 in
1941 1110 2183 1160 Christum
2235 1128 2481 1176 passurum

1475 1172 1788 1232 crediderunt,
1840 1175 1954 1222 202.
2028 1174 2207 1224 Vivunt
2264 1176 2313 1224 in
2375 1179 2479 1228 sinu

1476 1236 1686 1286 Abrahae
1710 1237 1849 1287 nostri
1872 1254 2122 1297 memores,
2152 1242 2261 1288 149.
2308 1242 2482 1290 Eorum

1475 1301 1619 1348 corda
1636 1311 1746 1350 sunt
1768 1303 2009 1351 thuribula
2034 1304 2145 1362 Dei,
2177 1307 2285 1353 170.
2333 1307 2483 1356 Sanc·

1474 1373 1629 1412 torum
1653 1367 1913 1424 Memoriae,
1936 1370 2017 1422 83,
2042 1368 2123 1415 71.

1407 1436 1420 1456 ‘
1444 1429 1625 1476 Sancti’
1647 1431 2040 1484 Manichaeorum.
2065 1434 2141 1480 45.

1405 1493 1641 1605 Sagiggtia
1656 1503 1727 1543 est
1739 1504 1750 1524 ⁸
1764 1495 1994 1545 luminare
2004 1495 2157 1560 majus
2164 1497 2483 1554 firmamenti,'

1406 1618 1803 1671 scholasticorum
1854 1625 1981 1688 apud
2038 1624 2375 1688 Carthaginem
2423 1626 2479 1672 li·

1464 1686 1637 1738 centia.
1658 1688 1735 1733 71.
1778 1687 1986 1736 Romani
2008 1697 2143 1737 erant
2159 1689 2475 1746 modestiores,

1466 1751 1545 1798 78.
1580 1751 1659 1815 qui
1685 1751 1957 1815 magistrum
1995 1761 2153 1802 tamen
2186 1769 2313 1816 saepe
2351 1754 2477 1804 frau-

1465 1814 1665 1870 dabant,
1687 1816 1754 1864 ib.

1401 1878 1607 1927 Scientia
1638 1888 1708 1927 est
1730 1886 1744 1907 ‘
1770 1878 1999 1928 luminare
2029 1880 2217 1936 minus,'
2246 1881 2478 1947 sapientia

1465 1950 1477 1970 ⁶
1503 1943 1731 1992 luminare
1754 1943 1942 2007 majus,'
1961 1946 2077 1994 262.

1399 2005 1599 2055 Scientia
1647 2017 1801 2056 nostra
1840 2007 2041 2056 scientiae
2078 2007 2171 2056 Dei
2202 2016 2477 2074 comparata

1466 2071 1728 2134 ignorantia
1750 2080 1837 2130 est,
1860 2075 1975 2120 208.

1399 2135 1755 2184 Scire—Deum
1824 2137 1905 2200 qui
1968 2135 2071 2187 scit.
2123 2133 2305 2184 etiamsi
2380 2136 2478 2184 alia

1465 2201 1659 2257 nesciat,
1683 2200 1867 2256 beatus,
1890 2201 1971 2248 66.
2023 2200 2125 2248 Vid.
2148 2199 2385 2264 Cognitio.

1399 2263 1642 2327 Scriptura
1688 2265 1835 2312 Sacra
1886 2273 1959 2312 est
2011 2263 2291 2312 venerabilis
2342 2263 2477 2312 stilus

1465 2328 1667 2390 Spiritus
1708 2327 1815 2384 Dei,
1854 2330 1963 2376 122.
2026 2329 2085 2376 In
2115 2343 2173 2376 ea
2208 2330 2343 2376 Deus
2375 2327 2477 2392 ipse

1465 2391 1686 2454 loquitur.
1711 2394 1825 2440 248.
1872 2392 1989 2456 Ejus
2016 2391 2177 2440 divina
2203 2391 2475 2448 auctoritas,

1465 2457 1582 2509 236.
1640 2457 1721 2508 89,
1778 2457 1891 2504 265.
1974 2455 2091 2504 mira
2158 2455 2472 2519 profunditas,

1465 2520 1581 2578 232,
1604 2519 1685 2567 31.
1728 2529 1775 2567 et
1808 2519 2097 2584 simplicitas,
2129 2518 2209 2577 89,
2240 2522 2321 2569 31.
2364 2536 2471 2584 quae

1467 2583 1686 2648 magistra
1731 2591 1801 2632 est
1856 2582 2150 2637 humilitatis.
2192 2583 2259 2632 ib.
2324 2579 2467 2648 Aug¹.

1464 2657 1572 2696 sunt
1594 2655 1735 2696 castae
1756 2647 1952 2702 deliciae,
1976 2649 2090 2696 206.
2134 2649 2350 2696 omnibus
2380 2665 2470 2696 sie-

1463 2712 1562 2760 culi
1580 2711 1760 2760 deliciis
1784 2712 2037 2766 suaviores,
2058 2713 2172 2759 207.
2215 2713 2469 2777 Scripturae

1457 2788 1643 2824 summa
1663 2784 1733 2825 est
1752 2777 1939 2830 veritas,
1961 2791 2229 2840 magnaque
2259 2792 2357 2842 prae
2393 2777 2466 2824 lit·

1457 2839 1569 2890 teris
1591 2839 1796 2906 profanis
1832 2841 2129 2898 excellentia,
2150 2842 2264 2889 243.

1521 2906 1596 2954 Va
1603 2906 1681 2953 rioe
1692 2903 1735 2969 ej
1741 2920 1795 2953 us
1803 2904 2202 2970 interpretationes
2214 2904 2351 2953 simul
2362 2919 2471 2970 pos-

1451 2977 1563 3016 sunt
1597 2985 1699 3018 esse
1736 2983 1875 3024 νει-ω,
1907 2971 2021 3024 247,
2052 2970 2168 3024 248,
2206 2971 2323 3018 237.
2379 2985 2467 3018 nec

1453 3033 1586 3082 obest
1606 3033 1741 3082 aliter
1756 3049 1897 3097 quam
1919 3033 2000 3082 alii
2017 3031 2263 3089 senserint,
2279 3033 2469 3096 sentire,

1452 3099 1593 3146 modo
1606 3112 1717 3145 vera
1726 3097 1931 3160 sintque
1948 3097 2467 3155 existimamus,ib.244.

1454 3161 1807 3211 Dissensionum
1831 3165 1927 3209 duo
1947 3177 2119 3226 genera
2142 3162 2190 3208 in
2220 3160 2470 3227 Scripturis

1452 3225 1827 3291 interpretandis,
1850 3227 1966 3281 241,
1992 3241 2039 3274 n.
2073 3226 2178 3288 quis
2198 3241 2363 3274 sensus
2382 3226 2465 3274 ba·

1455 3290 1637 3338 bendus
1656 3291 1716 3337 sit
1732 3289 2051 3345 excellentior,
2072 3291 2186 3338 248.
2218 3291 2389 3352 regulae
2414 3290 2463 3338 in

1451 3354 1553 3418 ejus
1571 3353 1946 3419 interpretatione
1964 3351 2265 3408 adhibendae,
2282 3355 2396 3409 248,
2413 3371 2460 3401 ιι.

1518 3418 1597 3468 De
1637 3433 1695 3466 ea
1731 3433 1871 3466 nemo
1902 3418 2115 3481 judicare
2153 3417 2311 3475 debet,
2342 3419 2456 3467 269.

1450 3482 1579 3531 Laus
1608 3482 1711 3546 eJ‘us
1743 3491 1791 3530 et
1823 3481 2046 3545 dignitas,
2072 3483 2153 3538 89,
2176 3483 2258 3531 31.
2317 3479 2459 3529 Scru-

1449 3547 1595 3596 tanda
1614 3554 1686 3595 est
1704 3562 1815 3594 cum
1848 3546 2022 3595 honore
2056 3546 2334 3594 famulorum
2367 3545 2461 3594 Dei

1446 3610 1528 3685 qui
1544 3611 2032 3723 ss⁸mbd2⁸pe¹÷⁵3m¹m
2053 3613 2170 3660 247.
2205 3609 2266 3658 In
2290 3609 2459 3658 Eccle-

1443 3690 1525 3722 sus
1564 3691 1589 3723 e
1623 3691 1649 3722 e
1687 3691 1712 3722 a
1736 3691 1807 3732 ur,
1898 3710 1910 3723 .
2323 3695 2329 3704 ·

1379 3691 1747 3788 Securusgnemo
1766 3753 1865 3787 esse
1884 3738 2026 3787 debet
2042 3738 2093 3787 in
2109 3739 2201 3786 hac
2218 3737 2331 3792 vita,
2352 3753 2459 3802 qun

1445 3810 1547 3852 tota
1568 3803 1763 3852 tentatio
1784 3811 1874 3857 est,
1903 3804 2011 3850 192.

1381 3867 1555 3916 Sensus
1574 3867 1756 3916 externi
1776 3867 1997 3915 dicuntur
2014 3866 2134 3914 fores
2150 3863 2322 3920 carnis,
2346 3865 2455 3912 172.

1439 3929 1621 3992 januae,
1641 3931 1751 3978 176.
1786 3939 1894 3978 sunt
1913 3929 2066 3978 nuntii
2084 3945 2167 3989 per
2182 3945 2299 3993 quos
2317 3928 2457 3976 homo

1446 3993 1633 4043 interior
1654 3993 1907 4058 cognoscit,
1934 3996 2043 4048 172,
2071 3995 2183 4042 119.
2223 3995 2456 4041 Sensuum

1445 4059 1710 4115 delectatio,
1765 4065 1949 4106 aeternae
2009 4057 2115 4106 vitae
2167 4056 2457 4121 jucunditati

1445 4130 1796 4188 comparata,ne
1807 4121 2249 4171 commemoratione
2264 4120 2455 4184 quidem

1447 4186 1591 4252 digna
1612 4195 1701 4244 est,
1725 4188 1833 4236 161.

1389 4251 1639 4317 Serpentes
1676 4251 1806 4300 boni.
1840 4251 1875 4298 i.
1907 4266 1953 4297 e.
1998 4265 2090 4297 non
2148 4247 2360 4297 erniciosi
2393 4250 2454 4296 ad

1449 4318 1728 4372 nocendum,
1764 4315 1847 4365 sed
1886 4314 2028 4362 astuti
2069 4330 2096 4362 a
2170 4311 2457 4370 cavendum,
