3042 5059
723 425 1442 493 CONFESSIONUM
1487 428 1776 496 LIBER
1819 434 1934 496 IV.
2343 440 2427 499 55

213 576 322 641 his
361 578 588 641 melior
630 580 743 663 qui
779 580 934 645 fecit
966 582 1202 660 omnia,
1241 591 1307 649 et
1341 584 1484 667 ipse
1519 593 1619 651 est
1657 586 1839 651 Deus
1879 594 2136 667 noster-3
2196 600 2263 655 et
2296 610 2429 655 non

211 678 518 758 discedit,
546 680 700 765 quia
724 702 846 745 nec
875 682 1238 769 sueceditur
1265 683 1343 747 ei.

306 786 408 845 18.
459 783 532 847 Si
563 784 828 867 placent
854 806 1143 868 corpora,
1171 788 1386 851 Deum
1413 810 1500 853 ex
1527 788 1659 853 illis
1689 789 1903 868 lauda,
1931 801 1996 855 et
2020 792 2091 855 in
2120 793 2428 858 artificem
2496 806 2621 857 XII.

209 904 438 948 eorum
465 894 760 969 retorque
787 896 1104 949 amorem¹t
1129 912 1146 964 3
1191 910 1273 952 ne
1301 889 1370 953 in
1399 890 1504 954 his
1544 911 1688 975 quae
1732 892 1852 955 tibi
1892 892 2171 977 placent,
2200 902 2272 957 tu
2300 896 2427 959 dis·
2448 870 2599 921 ‘³¹³⁰‘

207 985 479 1067 pliceaS.
570 986 643 1051 Si
685 987 948 1071 placent
989 987 1240 1067 ariimae,
1277 989 1347 1053 in
1391 992 1537 1054 Deo
1582 1000 1903 1057 amentur:
1967 994 2119 1077 quia
2162 1003 2227 1059 et
2268 996 2427 1080 ipsae
2446 951 2650 1065 ἓῒέϋῖῗ·

208 1086 560 1150 mutabiles
602 1095 773 1165 sunt,
803 1095 868 1151 et
903 1087 976 1151 in
1011 1090 1126 1152 illo
1165 1090 1319 1154 fixae
1361 1092 1811 1172 stabiliuntur3
1856 1094 2145 1179 alioquin
2171 1096 2339 1161 irent
2364 1106 2430 1162 et
2445 1074 2669 1178 {1¹22ssss

207 1187 513 1269 perirent.
603 1189 688 1253 In
721 1188 835 1253 illo
873 1211 1027 1271 ergo
1069 1199 1397 1270 amentur3
1442 1201 1509 1257 et
1543 1215 1695 1277 rape
1734 1195 1818 1258 ad
1846 1216 1993 1259 eum
2022 1204 2234 1261 tecum
2264 1220 2425 1284 quas
2444 1210 2551 1253 ‘¹¹¹ae

206 1294 424 1371 potes,
460 1297 528 1353 et
569 1289 676 1353 dic
718 1290 850 1353 eis:
897 1293 938 1325 “
971 1294 1172 1356 Hunc
1201 1314 1507 1371 amemuS,
1536 1296 1711 1359 hunc
1740 1318 2063 1376 amemus3
2104 1300 2247 1381 ipse
2274 1301 2427 1364 fecit
2443 1258 2657 1371 2³33„ss

207 1389 378 1468 haec,
408 1396 476 1453 et
513 1412 646 1453 non
691 1397 788 1455 est
827 1394 1039 1473 longe.
1129 1395 1282 1457 Non
1325 1396 1497 1458 enim
1539 1395 1693 1461 fecit
1735 1404 1927 1481 atque
1972 1400 2151 1479 abiit,
2180 1401 2295 1464 sed
2338 1423 2424 1464 ex
2444 1388 2623 1436 Deum.

205 1490 324 1552 illo
370 1492 443 1553 in
483 1492 598 1555 illo
640 1499 844 1557 suntr.
931 1496 1110 1559 Ecce
1135 1496 1252 1558 ubi
1285 1494 1444 1575 θεῖ’,
1473 1497 1589 1560 ubi
1618 1499 1787 1582 sapit
1812 1500 2061 1565 veritas.
2149 1502 2424 1567 Intimus

207 1592 394 1657 cordi
421 1601 560 1671 est3
607 1593 722 1658 sed
761 1617 872 1659 cor
913 1598 1144 1661 erravit
1181 1599 1262 1661 ab
1293 1618 1390 1661 e0.
1480 1600 1736 1679 Redite,
1758 1604 2307 1681 praevaricatores,
2334 1605 2427 1667 ad
2444 1619 2511 1669 Is.
2532 1618 2613 1674 46,

207 1707 368 1773 cor‘,
399 1703 468 1758 et
501 1696 805 1759 inhaerete
842 1698 938 1760 illi
980 1698 1092 1782 qui
1121 1698 1273 1763 fecit
1299 1721 1433 1764 vos.
1523 1702 1703 1765 State
1735 1723 1882 1765 cum
1913 1723 2012 1782 en,
2041 1711 2107 1767 et
2133 1706 2419 1770 stabitis:
2442 1685 2490 1731 8.

207 1796 600 1879 requiescite
637 1798 708 1861 in
748 1819 848 1875 eo,
879 1806 946 1862 et
989 1800 1191 1883 quieti
1233 1800 1424 1865 eritis,
1517 1802 1664 1875 Quo
1701 1804 1809 1865 itis
1848 1804 1919 1867 in
1960 1806 2231 1888 aspera?
2292 1828 2421 1891 quo

206 1896 368 1961 itis?
446 1901 704 1965 Bonum
736 1900 910 1983 quod
945 1902 1193 1979 amam,
1223 1902 1304 1965 ab
1340 1902 1488 1964 iuo³
1517 1910 1653 1967 est:
1701 1903 1816 1968 sed
1860 1912 2169 1988 quantum
2203 1915 2304 1971 est
2338 1906 2423 1973 ad

205 1998 419 2077 illum,
468 2000 711 2063 bonum
761 2009 860 2064 est
907 2008 974 2065 et
1023 2024 1260 2079 suave3
1340 2004 1456 2067 sed
1511 2026 1797 2067 amarum
1852 2006 1973 2069 erit
2018 2006 2216 2090 juste,
2269 2009 2423 2093 quia

205 2100 448 2185 injuste
477 2110 724 2165 amatm·
762 2102 1010 2167 deserto
1039 2104 1173 2182 ino,
1205 2103 1526 2189 quidquid
1565 2106 1647 2169 ab
1683 2105 1797 2168 illo
1825 2103 1973 2169 esth.
2064 2108 2209 2179 Quo
2238 2110 2423 2173 vobis

207 2200 425 2265 adhue
455 2209 522 2265 et
550 2203 761 2267 adhuc
789 2202 1112 2269 ambulare
1142 2206 1280 2269 vias
1311 2205 1605 2269 difficiles
1629 2214 1693 2269 et
1710 2208 2101 2273 laboriosas?
2152 2212 2304 2273 Non
2324 2218 2423 2275 est

205 2303 466 2387 requies
493 2304 609 2367 ubi
637 2305 920 2388 quaeritis
949 2327 1108 2369 eam.
1170 2308 1450 2379 Quaerite
1483 2307 1659 2391 quod
1680 2309 1992 2391 quaeritis:
2040 2309 2155 2374 sed
2173 2312 2268 2375 ibi
2286 2334 2420 2374 non

207 2411 310 2467 est
335 2404 452 2467 ubi
488 2406 791 2488 quaeritis·
879 2408 1149 2471 Beatam
1187 2408 1384 2471 vitam
1425 2409 1713 2492 quaeritis
1750 2410 1820 2472 in
1858 2411 2117 2491 regione
2156 2413 2415 2490 mortis;

205 2526 342 2569 non
373 2513 474 2569 est
497 2506 653 2569 illio.
741 2507 1080 2581 Quomodo
1111 2509 1282 2571 enim
1309 2510 1500 2573 beata
1527 2510 1681 2587 vita,
1708 2511 1823 2573 ubi
1850 2532 1973 2575 neo
2000 2512 2133 2576 vita
2155 2512 2218 2575 ?’'

314 2611 414 2669 19.
462 2608 504 2641 “
532 2608 626 2670 Et
667 2608 1000 2672 deseendit
1041 2611 1170 2674 huc
1211 2611 1358 2694 ipsa
1399 2610 1552 2674 Vita
1586 2620 1823 2688 nostra,
1864 2620 1932 2675 et
1968 2614 2115 2676 tulit
2150 2622 2414 2678 mortem

206 2720 515 2786 nostram,
549 2717 616 2773 et
663 2710 902 2774 occidit
942 2732 1083 2775 eam
1129 2710 1208 2773 de
1253 2711 1648 2775 abundantia
1687 2712 1835 2775 vitae
1876 2734 2035 2777 suae:
2104 2723 2169 2777 et
2210 2717 2421 2780 tonuit

209 2812 520 2888 clamante,
562 2819 638 2874 ut
682 2811 1014 2875 redeamus
1056 2812 1210 2875 hinc
1255 2812 1338 2875 ad
1382 2833 1529 2875 eum
1572 2814 1642 2875 in
1684 2812 1846 2877 iuud
1891 2824 2202 2879 secretum
2244 2818 2417 2881 unde

274 3007 305 3038 ⁸
339 3004 550 3067 Quoquo
571 3010 618 3051 te
638 3002 842 3059 verteris,
863 3001 1064 3066 vestigiis
1093 3001 1285 3066 quibus·
1351 3002 1466 3066 quia
1497 3001 1545 3049 in
1580 3004 1799 3052 cordibus
1828 3004 1999 3070 scripta
2030 3016 2123 3053 non
2148 3014 2279 3067 erat3
2336 3010 2419 3057 sed

210 3068 322 3115 dam
345 3082 454 3131 quae
477 3066 695 3131 operibus
715 3067 808 3115 suis
828 3066 1056 3131 impressit
1075 3064 1282 3130 loquitur
1345 3066 1458 3130 quia
1489 3074 1541 3114 tu
1573 3066 1791 3131 fugitivus
1822 3084 1925 3117 eras
1956 3069 2108 3117 cordis
2136 3071 2222 3126 tui,
2244 3072 2304 3119 ab
2332 3072 2416 3120 illo

211 3130 314 3185 tibi,
339 3140 387 3179 et
409 3139 458 3179 te
488 3131 540 3179 in
561 3132 786 3181 exteriora
805 3131 1040 3180 labentem
1057 3130 1168 3195 ipsis
1197 3146 1282 3179 ex·
1347 3130 1429 3194 qui
1449 3131 1625 3194 ubique
1646 3140 1719 3181 est
1750 3133 2171 3197 comprehenderis,
2194 3143 2242 3183 et
2274 3136 2336 3183 ad
2368 3144 2415 3185 te

210 3195 432 3243 teriorum
470 3194 628 3245 formis
659 3195 777 3244 intro
809 3196 1170 3244 revocat.--Vae
1202 3194 1283 3269 qui
1344 3193 1498 3259 ipsum
1531 3195 1651 3243 intro
1673 3198 1911 3246 revocaris.
1974 3199 2224 3263 Propterea
2244 3200 2418 3265 scripta

209 3258 544 3325 derelinquunt
587 3268 632 3309 te
677 3260 862 3315 ducem,
896 3268 944 3308 et
980 3260 1199 3309 oberrant
1234 3274 1284 3307 m

207 3323 413 3389 vestigiis
465 3324 588 3382 tuis;
645 3324 726 3389 qui
771 3332 914 3373 nutus
955 3331 1059 3372 tuos
1099 3340 1182 3389 pro
1233 3331 1280 3372 te

209 3397 390 3446 amant,
418 3395 466 3437 et
497 3389 834 3437 obliviscuntur
867 3387 981 3454 quid
1014 3389 1198 3442 innuas,
1235 3388 1278 3436 Ο

207 3454 487 3503 suavissima
508 3454 593 3502 lux
611 3460 823 3519 purgatae
843 3452 1010 3503 mentis
1025 3451 1278 3518 sapientia:

207 3534 305 3566 non
343 3518 472 3567 enim
509 3533 663 3567 cessas
697 3518 892 3567 innuere
923 3517 1056 3566 nobis
1093 3534 1201 3583 quae
1237 3524 1286 3566 et

206 3590 390 3647 quanta
411 3582 489 3637 sis,
511 3590 558 3631 et
573 3588 714 3631 nutus
728 3582 798 3630 tui
819 3590 928 3631 sunt
943 3597 1080 3631 omne
1099 3589 1278 3631 creatu·

205 3662 369 3694 rarum
405 3648 568 3696 decus.
619 3648 746 3711 Aug.
779 3647 838 3695 de
873 3646 984 3695 Lib.
1020 3646 1202 3695 Arb.1.
1226 3645 1276 3693 ii.

205 3726 251 3759 c.
280 3712 360 3759 16.

270 3780 301 3819 y
337 3776 448 3823 Hoc
476 3775 653 3824 bonum
685 3790 782 3823 non
813 3774 950 3839 longe
983 3775 1184 3840 positum
1215 3781 1286 3823 est

203 3840 266 3887 ab
291 3855 580 3905 unoquoque
601 3847 828 3896 nostrum,
852 3840 900 3887 in
920 3839 1004 3888 illo
1023 3839 1150 3887 enim
1170 3838 1283 3887 vivi-

207 3920 333 3959 mus.
355 3919 618 3961 movemur,
641 3912 689 3952 et
707 3920 884 3953 sumus.
929 3900 1281 3953 Seffdilectione

206 3970 430 4018 standum
453 3977 524 4017 est
539 3968 600 4016 ad
621 3968 756 4027 illud,
779 3976 827 4017 et
846 3968 1169 4017 inhaerendum
1192 3967 1279 4024 illi,

207 4041 262 4081 ut
277 4041 508 4098 presente
517 4032 811 4099 perfruamur
831 4048 861 4081 a
880 4049 974 4097 quo
989 4048 1166 4089 sumus,
1185 4048 1280 4097 quo

207 4098 401 4147 absente
422 4113 511 4147 nec
533 4112 631 4146 esse
649 4112 902 4162 possemus.
939 4097 1064 4161 Aug.
1078 4097 1136 4145 de
1151 4097 1278 4144 Trin-

206 4160 242 4209 1.
276 4162 372 4210 viii.
411 4164 452 4225 §.
488 4165 538 4221 5,
573 4162 623 4209 6.
693 4162 876 4211 Pudeat
906 4176 1016 4209 cum
1050 4161 1142 4209 alia
1186 4177 1282 4209 non

208 4234 428 4275 amentur
461 4227 551 4277 nisi
582 4225 694 4291 quia
725 4226 852 4275 bona
876 4232 1002 4284 sunt,
1034 4226 1102 4274 eis
1135 4224 1282 4273 inbre·

208 4290 356 4338 tendo
399 4306 496 4339 non
539 4306 696 4339 amare
739 4291 916 4340 bonum
959 4290 1112 4355 ipsum
1157 4290 1282 4339 unde

204 4354 336 4403 bona
355 4364 482 4404 sunt.
515 4355 594 4403 Ib.
617 4370 663 4404 e.
679 4357 726 4403 3.

1169 4434 1281 4531 Ψ

1218 4490 1281 4531 etl

276 4424 307 4451 ²·
339 4419 473 4477 Quia
515 4418 728 4468 homiues
768 4426 1038 4485 appetentes
1071 4433 1130 4467 ea

209 4482 320 4533 foris
356 4490 484 4541 sunt,
519 4483 661 4533 etiam
687 4499 716 4532 a
748 4500 797 4532 se
817 4484 926 4548 ipsis
949 4482 1132 4532 exsules

207 4555 336 4606 sunt,
357 4548 472 4597 data
502 4556 573 4597 est
601 4548 738 4597 etiam
772 4546 1034 4612 comeripta
1065 4546 1160 4605 lex,
1185 4562 1281 4595 nou

1347 3259 1425 3307 lex
1449 3260 1563 3322 quid
1584 3261 1761 3309 clamat
1770 3262 1836 3310 eis
1852 3261 1933 3326 qui
1950 3262 2249 3311 deseruerunt
2265 3264 2417 3329 legem

1343 3322 1562 3388 scriptam
1581 3324 1631 3372 in
1651 3326 1871 3375 cordibus
1889 3325 2019 3375 suis!
2088 3328 2265 3382 Redite.
2296 3345 2416 3391 proe-

1345 3392 1627 3448 varicator-es,
1648 3392 1709 3437 ud
1730 3392 2031 3447 cova—Quod
2063 3407 2173 3457 ergo
2206 3393 2289 3441 tibi
2320 3408 2416 3441 non

1347 3451 1417 3500 vis
1437 3452 1556 3511 fieri,
1577 3454 1675 3501 noli
1696 3455 1829 3503 alteri
1849 3455 2019 3504 facere.
2072 3456 2103 3504 J
2109 3456 2269 3505 udicas
2290 3457 2415 3506 enim

1347 3516 1525 3565 malum
1547 3533 1647 3567 esse
1677 3518 1727 3567 in
1756 3534 1813 3568 eo
1846 3521 1973 3583 quod
2002 3520 2099 3584 pati
2121 3537 2217 3570 non
2240 3522 2332 3571 vis:
2370 3530 2418 3570 et

1346 3580 1436 3628 hoc
1471 3588 1516 3629 te
1552 3582 1675 3647 cogit
1691 3599 1823 3632 nosse
1846 3584 1923 3631 lex
1943 3584 2109 3632 intima
2130 3584 2181 3634 in
2213 3585 2312 3651 ipso
2334 3594 2415 3634 tuo

1346 3645 1483 3693 eorde
1510 3646 1787 3711 conscripta.
1823 3648 1951 3711 Aug.
1972 3648 2019 3696 in
2042 3650 2125 3697 Ps.
2148 3652 2229 3699 57.
2256 3653 2293 3713 §.
2330 3652 2372 3697 l.

1412 3714 1436 3742 ί
1471 3710 1705 3759 Deficitur
1741 3728 1835 3760 nou
1868 3714 1929 3761 ad
1970 3714 2115 3771 mala,
2148 3716 2229 3763 sed
2257 3715 2381 3764 male
2399 3732 2413 3773 ;

1347 3774 1396 3822 id
1428 3781 1514 3829 est,
1553 3791 1647 3823 non
1679 3777 1739 3823 ad
1774 3776 1923 3825 malas
1958 3785 2164 3837 naturas,
2196 3780 2276 3827 sed
2310 3779 2415 3828 ideo

1349 3838 1491 3895 male,
1505 3839 1617 3901 quia
1632 3848 1794 3889 eontra
1810 3841 2020 3889 ordinem
2038 3851 2330 3900 naturarum,
2351 3843 2413 3891 ab

1345 3918 1401 3951 eo
1423 3903 1505 3967 qui
1526 3919 1707 3952 summe
1728 3912 1812 3963 est,
1838 3906 1897 3953 ad
1922 3906 1969 3952 id
1998 3907 2123 3968 quod
2153 3906 2306 3955 minus
2325 3914 2408 3955 est.

1345 3966 1475 4032 Aug.
1491 3968 1551 4015 de
1571 3968 1673 4018 Civ.
1697 3968 1806 4026 Dei,
1828 3969 1861 4015 l.
1886 3968 1967 4016 xii.
1984 3985 2029 4017 e.
2054 3972 2105 4019 8.

1414 4032 1438 4069 b
1472 4032 1603 4088 Quid
1620 4039 1715 4080 tam
1739 4032 1949 4095 iniquum
1970 4048 2111 4097 quam
2134 4040 2189 4080 ut
2209 4034 2331 4081 bene
2354 4033 2415 4082 sit

1344 4096 1563 4145 desertori
1604 4095 1751 4145 boni'!
1807 4111 1960 4159 neque
2000 4096 2100 4145 ullo
2144 4099 2283 4145 modo
2317 4098 2415 4145 fieri

1346 4168 1496 4225 potest
1526 4168 1578 4207 ut
1608 4160 1672 4207 ita
1702 4160 1778 4208 sit.
1850 4159 1945 4208 Sed
1976 4160 2229 4224 aliquando
2262 4161 2416 4210 amissi

1345 4242 1400 4274 su
1463 4222 1592 4273 rioris
1625 4224 1735 4272 boni
1755 4238 1849 4273 non
1867 4224 2065 4273 'sentitur
2085 4225 2283 4282 malum,
2305 4240 2414 4274 cum

1347 4289 1411 4337 ha
1443 4296 1546 4338 etur
1566 4289 1689 4353 quod
1708 4296 1913 4337 amatum
1931 4296 1999 4337 est
2011 4289 2200 4337 iuferius
2216 4290 2409 4339 bouum.

1351 4353 1444 4402 Sed
1477 4351 1639 4401 divina
1666 4352 1849 4417 justitia
1880 4360 1966 4409 est,
1989 4361 2041 4401 ut
2072 4354 2155 4417 qui
2176 4354 2414 4403 voluntate

1344 4417 1494 4466 amisit
1526 4418 1653 4482 quod
1685 4433 1841 4466 amare
1874 4418 2051 4477 debuit,
2086 4418 2267 4467 amittat
2305 4434 2414 4466 cum

1343 4482 1503 4531 dolore
1540 4483 1668 4543 quod
1709 4485 1896 4533 amavit.
1941 4482 2067 4547 Aug.
2100 4484 2159 4533 de
2195 4484 2320 4534 Gen.
2356 4484 2417 4532 ad

1344 4546 1414 4595 lit.
1436 4547 1471 4597 l.
1493 4546 1585 4596 viii.
1608 4562 1652 4594 c.
1680 4548 1759 4595 14.
