3042 5059
1285 817 1585 891 LIBER
1636 814 2202 891 SECUNDUS.

639 1020 724 1071 Ad
749 1024 964 1071 aetatem
986 1016 1143 1069 aliam
1162 1015 1517 1085 progreditur,
1534 1014 1868 1083 primumque
1886 1010 2261 1065 adolescentiae
2286 1025 2416 1073 suae,
2432 1010 2487 1063 id
2511 1018 2616 1075 est,
2630 1018 2845 1063 sextum

709 1104 974 1157 decimum
997 1104 1124 1153 vitae
1159 1118 1376 1163 annum,
1401 1117 1560 1168 quem
1596 1100 1651 1150 in
1688 1106 1909 1167 paterna
1944 1100 2101 1149 domo
2138 1098 2325 1149 studiis
2363 1097 2680 1149 intermissis
2716 1116 2848 1150 con-

711 1198 1009 1260 sumpserat
1032 1190 1250 1243 arbitrio
1281 1190 1496 1259 proprio
1534 1205 1596 1241 ac
1620 1188 1926 1239 libidinibus
1951 1186 2251 1255 indulgens,
2277 1186 2343 1237 ad
2370 1193 2602 1237 mentem
2626 1192 2845 1236 revocat

710 1296 833 1331 cum
855 1276 1004 1347 gravi
1030 1277 1228 1339 dolore,
1254 1276 1309 1327 in
1333 1275 1523 1343 quibus
1551 1274 1777 1326 maxime
1801 1272 2042 1334 miratur,
2069 1288 2126 1323 se
2152 1271 2350 1322 furtum
2381 1271 2643 1338 quoddam
2668 1270 2844 1339 gratis

710 1371 1081 1433 perpetrasse3
1119 1363 1257 1430 quod
1283 1368 1486 1423 contra,
1511 1377 1603 1412 cor
1626 1360 1918 1410 humanum
1943 1374 2049 1408 non
2072 1356 2177 1408 nisi
2209 1355 2384 1424 aliqua
2417 1356 2542 1407 boni
2578 1355 2759 1424 specie
2784 1356 2843 1405 in

709 1451 907 1502 malum
931 1450 1089 1501 trahi.

488 1630 532 1678 Ι.
730 1624 784 1683 l.
830 1618 1178 1683 Recordari
1228 1619 1374 1681 volo
1423 1625 1777 1681 transactas
1832 1615 2151 1679 foeditates
2200 1634 2396 1693 meaS,
2440 1621 2505 1676 et
2554 1613 2849 1675 carnales

399 1694 602 1806 affl?
635 1720 1070 1804 corruptiones
1108 1720 1336 1782 animae
1365 1739 1553 1781 meae:
1599 1739 1731 1780 non
1761 1716 1938 1802 quod
1966 1738 2075 1779 eas
2104 1737 2342 1791 amem3
2390 1712 2503 1777 sed
2531 1723 2605 1776 ut
2632 1735 2845 1776 amem

399 1832 588 1898 aetagefn
633 1834 717 1903 te,
747 1826 930 1887 Deus
955 1844 1156 1886 meuS.
1243 1824 1475 1885 Amore
1521 1822 1753 1885 amoris
1794 1820 1891 1884 tui
1934 1821 2100 1885 facio
2144 1817 2337 1895 istud,
2365 1818 2656 1883 recolens
2701 1818 2848 1879 vias

398 1896 584 2000 ξὲρζιιξιια
634 1947 810 1990 meas
851 1924 1278 2009 nequissimas
1319 1924 1389 1985 in
1435 1922 1855 1986 amaritudine
1897 1922 2374 2003 recogitationis
2426 1940 2605 1997 meae,
2650 1928 2725 1981 ut
2770 1927 2849 1981 tu

637 2027 966 2090 dulcescas
993 2025 1175 2101 mihi,
1205 2024 1477 2088 dulcedo
1506 2045 1639 2086 11011
1666 2024 1888 2103 fallax,
1917 2022 2189 2087 dulcedo
2218 2022 2376 2084 felix
2406 2029 2471 2083 et
2500 2042 2744 2097 secura,
2776 2028 2849 2081 et

637 2125 986 2208 colligens*
1031 2148 1134 2189 me
1174 2148 1214 2189 a
1251 2125 1647 2210 dispersione
1689 2126 1758 2187 in
1805 2146 1933 2210 qua
1975 2123 2288 2187 frustatim
2326 2121 2633 2186 discissus
2674 2144 2849 2197 sum,

635 2229 788 2293 dum
831 2231 913 2293 ab
950 2251 1080 2291 uno
1124 2237 1188 2291 te
1232 2249 1488 2292 aversus
1531 2228 1599 2289 in
1638 2228 1841 2291 multa
1876 2227 2107 2289 evanui
2128 2230 2167 2287 ⁸.
2255 2225 2493 2288 Exarsi
2522 2224 2692 2287 enim
2723 2224 2845 2287 ali-

635 2330 892 2415 quando
951 2330 1164 2394 satiari
1207 2326 1465 2392 inferis*
1517 2329 1589 2391 in
1640 2328 2089 2404 adolescentia,
2142 2335 2207 2389 et
2254 2327 2591 2390 silvescere
2642 2347 2847 2390 ausus

633 2455 774 2497 sum
817 2434 1010 2498 variis
1052 2440 1117 2496 et
1156 2433 1474 2495 umbrosis
1517 2432 1841 2495 amoribus
1854 2454 1871 2506 3
1924 2438 1988 2491 et
2017 2428 2347 2493 contabuit
2386 2428 2631 2511 species
2661 2450 2844 2503 mea3

632 2544 697 2597 et
741 2534 1100 2617 computrui
1145 2556 1356 2599 coram
1399 2533 1605 2596 oculis
1645 2534 1773 2596 tuis
1816 2533 2081 2615 placens
2124 2530 2305 2607 mihi,
2334 2538 2399 2593 et
2426 2532 2681 2613 placere
2729 2551 2845 2593 cu-

630 2638 818 2721 piens
846 2636 1051 2699 oculis
1078 2636 1428 2699 hominum.

471 2750 544 2799 11.
721 2744 780 2801 2.
827 2739 919 2802 Et
956 2738 1116 2823 quid
1155 2746 1291 2800 erat
1329 2735 1504 2821 quod
1544 2756 1647 2798 me
1689 2733 2067 2811 delectabat,
2095 2733 2222 2796 nisi
2264 2754 2473 2797 amare
2502 2741 2567 2796 et
2596 2731 2842 2795 amari?

391 2814 588 2927 ssffissm
635 2840 764 2904 Sed
805 2862 936 2903 non
979 2842 1312 2903 tenebatur
1348 2836 1576 2901 modus
1618 2838 1699 2900 ab
1740 2836 1953 2899 animo
1992 2856 2199 2918 usque
2238 2834 2322 2899 ad
2365 2834 2647 2897 animum
2679 2854 2845 2916 qua-

392 2958 492 2991 suae
516 2945 599 2992 de·
631 2951 818 3007 tenus
890 2950 988 3006 est
1055 2937 1450 3005 luminosus*
1512 2940 1699 3003 limes
1770 2938 2103 3013 amicitiae3
2186 2936 2297 2999 sed
2369 2935 2846 2998 exhalabantur

393 3008 570 3055 cimum
1081 3044 1094 3057 .
1584 3042 1597 3055 .
1791 3040 1805 3054 .
2056 3038 2069 3052 .

392 3082 576 3122 sextum
629 3046 882 3108 nebulae
927 3044 1008 3107 de
1052 3045 1282 3106 llmosa
1326 3049 1853 3125 concuplscentla
1902 3060 2110 3102 carms
2160 3046 2223 3102 et
2272 3040 2561 3101 scatebra
2601 3039 2843 3120 puber-

392 3136 594 3250 {ssrf’n-
631 3145 800 3222 tatis,
847 3155 911 3209 et
961 3145 1424 3208 obnubilabant
1472 3151 1663 3226 atque
1714 3142 2116 3204 offuscabant
2162 3161 2272 3204 cor
2310 3161 2543 3219 meum,
2587 3148 2663 3203 ut
2704 3161 2841 3202 non

391 3266 605 3315 bidinoso
633 3245 1090 3309 discerneretur
1119 3245 1421 3307 serenitas
1451 3243 1813 3308 dilectionis
1844 3265 1883 3305 a
1913 3241 2189 3323 caligine
2215 3242 2523 3305 libidinis.
2571 3245 2843 3307 Utrum-

391 3346 552 3461 ξζῐᾌὶ).
635 3368 758 3430 que
799 3348 868 3409 in
914 3346 1179 3411 confuso
1223 3347 1555 3421 aestuabat,
1585 3354 1649 3407 et
1678 3344 1967 3428 rapiebat
2005 3343 2395 3407 imbecillam
2432 3351 2683 3407 aetatem
2720 3364 2845 3426 per

393 3468 508 3510 tum.
632 3449 903 3532 abrupta
931 3447 1371 3532 cupiditatum,
1403 3457 1595 3531 atque
1623 3448 1942 3509 mersabat
1970 3447 2216 3528 gurgite
2244 3447 2647 3529 flagitiorum.
2725 3448 2841 3509 In-

629 3552 914 3613 valuerat
969 3570 1159 3632 super
1212 3570 1316 3612 me
1370 3549 1466 3611 ira
1522 3556 1655 3626 tua,
1712 3556 1778 3611 et
1830 3549 2215 3611 nesciebam.
2318 3546 2837 3613 Obsurdueram*

631 3650 895 3714 stridore
927 3658 1168 3714 catenae
1186 3650 1587 3714 mortalitatis
1617 3664 1794 3727 meae,
1816 3669 2012 3732 poena
2040 3650 2355 3733 superbiae
2387 3650 2613 3713 animae
2638 3670 2839 3725 meae3

631 3760 696 3815 et
729 3753 902 3815 ib'am
943 3752 1201 3834 longius
1239 3774 1278 3815 a
1314 3759 1399 3829 te,
1439 3758 1503 3814 et
1546 3751 1838 3828 sinebas;
1885 3759 1949 3814 et
1977 3750 2289 3834 jactabar,
2336 3758 2401 3814 et
2439 3751 2839 3831 effundebar,

630 3860 696 3916 et
724 3852 1114 3930 diffluebam,
1147 3861 1212 3917 et
1239 3853 1623 3916 ebulliebam
1644 3874 1760 3935 per
1779 3852 2231 3916 fornicationes
2250 3874 2448 3931 meas,
2467 3861 2532 3916 et
2552 3855 2837 3916 tacebas,

693 4038 718 4067 ²
746 4034 814 4083 Ut
831 4034 952 4082 enim
972 4034 1021 4082 in
1039 4034 1217 4083 circulo
1229 4033 1526 4099 quantumvis
1542 4032 1701 4098 amplo
1763 4046 1941 4100 partem
1964 4033 2005 4083 si
2024 4033 2178 4097 egredi
2194 4033 2328 4092 velis,
2352 4049 2409 4083 eo
2426 4034 2701 4083 amittuntur
2730 4048 2837 4082 om-

630 4114 776 4147 unum
793 4107 861 4146 est
877 4098 1080 4147 medium
1098 4115 1192 4163 quo
1209 4106 1379 4147 cuncta
1395 4106 1700 4163 convergunt,
1762 4098 1857 4152 nia,
1876 4114 1971 4163 quo
1992 4098 2039 4146 in
2058 4097 2259 4163 plurima
2282 4099 2501 4163 pergitur.
2547 4098 2625 4147 Sic
2648 4098 2839 4147 animus

629 4164 754 4227 quod
776 4172 986 4211 centrum
1007 4172 1251 4228 geometrae
1270 4170 1455 4222 vocant,
1472 4171 1520 4211 et
1534 4177 1699 4227 quam·
1764 4162 1797 4210 a
1816 4162 1963 4227 seipso
1978 4162 2124 4218 fusus,
2138 4162 2446 4212 immensitate
2462 4164 2668 4227 quadam
2684 4162 2839 4212 diver-

629 4226 698 4276 vis
717 4227 856 4275 totius
887 4228 1088 4277 ambitus
1119 4236 1272 4293 partes
1301 4226 1702 4277 innumerabiliter
1764 4226 1969 4283 beratur‚
2002 4236 2051 4276 et
2082 4228 2196 4276 vera
2226 4227 2523 4277 mendicitate
2558 4228 2837 4285 conteritur,

629 4290 776 4339 secari
797 4301 987 4355 queant,
1005 4292 1120 4340 nihil
1135 4302 1289 4340 tamen
1305 4301 1374 4341 est
1393 4300 1561 4357 praeter
1580 4291 1699 4339 illud
1764 4306 1870 4339 cum
1894 4306 2002 4340 eum
2026 4298 2194 4340 natura
2212 4308 2299 4341 sua
2321 4292 2461 4356 cogit,
2483 4292 2659 4358 ubique
2682 4308 2832 4341 unum

628 4372 795 4411 unum,
819 4371 913 4420 quo
945 4365 1116 4405 coetera
1147 4356 1351 4422 pariliter
1380 4356 1696 4415 dimetiantur,
1794 4372 1988 4416 uaerere,
2001 4365 2050 4405 et
2068 4356 2319 4406 multitudo
2332 4374 2427 4406 non
2446 4357 2567 4407 sinit.
2600 4358 2733 4422 Aug.
2751 4357 2837 4405 l.i.

629 4428 676 4468 et
690 4421 816 4485 quod
826 4420 1041 4470 omnibus
1051 4421 1184 4486 quasi
1196 4423 1398 4486 quodam
1417 4420 1698 4486 aequalitatis
1792 4437 1818 4469 e
1834 4421 2027 4476 Ordine,
2042 4437 2087 4469 c.
2108 4422 2159 4471 2.
2181 4420 2286 4470 vide
2304 4421 2388 4473 inf.
2414 4422 2449 4469 l.
2469 4420 2534 4471 ix.
2553 4438 2599 4471 c.
2614 4424 2663 4472 4.
2687 4424 2730 4485 ᾗ.
2758 4424 2836 4471 10.

623 4484 731 4549 jure
750 4484 1029 4535 dominetur.
1100 4484 1222 4534 Hinc
1239 4501 1348 4535 vero
1369 4486 1418 4535 in
1437 4485 1697 4550 quamlibet
1758 4493 1806 4533 et
1824 4485 1898 4534 xii.
1922 4501 1969 4534 e.
1997 4487 2075 4535 16.
2094 4488 2182 4535 sub
2204 4486 2286 4535 fin.
