3042 5059
749 410 1472 477 CONFESSIONUM
1517 414 1806 479 LIBER
1850 416 1928 478 V.
2358 420 2443 479 69

229 590 305 632 eo
341 569 598 645 salsum,
629 568 782 651 quia
823 568 1249 651 incomposite
1295 576 1529 631 sonant
1572 568 1758 649 signa
1799 566 2155 632 labiorum:
2201 588 2440 648 rursus,

225 690 342 733 nec
384 668 535 733 ideo
573 664 814 746 rerum,
847 670 1002 753 quia
1040 668 1332 753 impolite
1377 668 1781 745 enuntiatur3
1832 690 1955 733 nec
1999 669 2146 732 ideo
2184 670 2440 751 falsum,

228 771 376 855 quia
426 768 805 854 splendidus
851 792 1058 835 sermo
1105 779 1236 834 est:
1304 770 1418 834 sed
1459 769 1727 854 perinde
1768 786 1908 833 esse
1949 770 2331 854 sapientiam
2374 782 2440 836 et

225 873 578 950 stultitiam,
631 874 798 937 sicut
847 883 998 937 sunt
1048 875 1180 937 cibi
1231 876 1421 938 utiles
1472 883 1539 938 et
1585 874 1887 949 inutiles3
1953 874 2166 936 verbis
2224 882 2436 938 autem

223 974 459 1038 ornatis
489 982 556 1037 et
582 975 917 1052 inornatiS,
949 975 1118 1039 sicut
1151 978 1324 1039 vasis
1353 976 1618 1039 urbanis
1648 982 1713 1039 et
1738 974 2101 1054 rusticanis,
2130 972 2435 1058 utrosque

222 1076 398 1139 cibos
423 1097 623 1159 posse
651 1075 1012 1140 ministrari.

309 1180 405 1238 ll.
453 1176 664 1257 Igitur
692 1176 963 1241 aviditas
991 1198 1155 1255 mea,
1188 1200 1317 1262 qua
1343 1178 1525 1240 illum
1558 1183 1736 1240 tanto
1766 1184 2051 1260 tempore
2094 1184 2431 1259 exspecta-

221 1298 426 1340 veram
453 1278 806 1355 hominem,
838 1278 1274 1343 delectabatur
1304 1278 1563 1363 quidem
1590 1284 1770 1340 motu
1814 1280 2177 1361 affectuque
2207 1276 2430 1361 dispu-

220 1379 430 1454 tamis,
461 1386 529 1441 et
554 1379 768 1441 verbis
799 1380 1323 1459 congruentibus,
1353 1388 1547 1463 atque
1577 1378 1661 1440 ad
1688 1377 2051 1441 vestiendas
2082 1378 2427 1441 sententias

219 1480 398 1543 facile
444 1480 950 1544 occurrentibus.
1040 1481 1428 1545 Delectabar
1473 1488 1685 1543 autem
1732 1487 1799 1542 et
1844 1502 1991 1543 cum
2038 1481 2278 1558 multiS,
2325 1484 2429 1545 vel

221 1580 402 1643 etiam
432 1601 570 1663 prae
614 1582 834 1644 multis
875 1580 1220 1644 laudabam
1251 1602 1326 1645 ac
1359 1580 1743 1657 efferebam3
1790 1579 1904 1642 sed
1932 1581 2200 1644 moleste
2228 1581 2427 1644 habe-

213 1684 358 1744 bam
403 1681 586 1765 quod
628 1682 696 1743 in
741 1689 916 1745 coetu
959 1681 1350 1745 audientium
1393 1702 1525 1743 non
1572 1681 1808 1743 sinerer
1861 1681 1957 1743 illi
2012 1682 2321 1761 ingerere,
2367 1692 2433 1747 et

219 1782 430 1865 partiri
460 1803 612 1845 cum
643 1805 718 1845 eo
750 1804 934 1847 curas
965 1782 1390 1867 quaestionum
1418 1803 1725 1860 mearum,
1750 1781 2134 1845 conferendo
2157 1783 2425 1847 familia-

217 1884 378 1963 riter,
405 1894 471 1948 et
501 1884 883 1969 accipiendo
916 1906 991 1947 ac
1020 1876 1355 1946 reddendo*
1377 1904 1749 1946 sermonem.
1841 1882 2034 1954 Quod
2062 1883 2177 1945 ubi
2220 1884 2427 1966 potui,

218 1992 277 2047 et
301 2005 482 2047 aures
512 1984 654 2069 ejus
685 2007 832 2049 cum
863 1984 1281 2048 familiaribus
1318 1984 1480 2047 meis
1509 2004 1717 2067 eoque
1734 1980 1767 2009 '
1795 1989 2080 2065 tempore
2110 2003 2427 2065 occupare

220 2087 400 2169 coepi,
432 2109 566 2172 quo
593 2110 727 2151 non
757 2087 1094 2152 dedeceret
1121 2086 1378 2151 alternis
1407 2086 1736 2163 disserere,
1768 2094 1833 2149 et
1859 2086 2099 2169 protuli
2131 2085 2426 2169 quaedam

220 2210 353 2272 quae
389 2208 493 2250 me
537 2191 921 2267 movebant3
982 2196 1287 2271 expertus
1325 2208 1466 2251 sum
1509 2188 1690 2269 prius
1727 2186 2053 2248 hominem
2094 2196 2425 2268 expertem

217 2290 568 2352 liberalium
612 2289 1118 2373 disciplinarum,
1153 2290 1280 2351 nisi
1323 2288 1775 2370 grammaticae,
1808 2296 2001 2371 atque
2040 2285 2178 2370 ejus
2219 2288 2427 2370 ipsius

217 2390 438 2455 usitato
467 2390 685 2456 modo·
775 2394 866 2456 Et
897 2392 1050 2476 quia
1075 2392 1319 2471 legerat
1346 2390 1594 2473 aliquas
1625 2388 1959 2453 Tullianas
1990 2388 2331 2466 orationeS,
2363 2402 2428 2453 et

216 2492 633 2575 paucissimos
686 2493 948 2557 Senecae
1006 2492 1227 2571 libros,
1278 2499 1343 2554 et
1399 2490 1714 2554 nonnulla
1769 2497 2124 2573 poetarum,
2177 2497 2243 2553 et
2292 2512 2425 2554 suae

218 2602 394 2657 sectae
447 2594 502 2657 si
558 2615 689 2677 qua
736 2594 1064 2658 volumina
1114 2592 1343 2656 Latine
1396 2599 1589 2676 atque
1644 2590 1997 2673 composite
2058 2591 2427 2675 conscripta

216 2705 402 2773 erant,
453 2702 522 2757 et
577 2696 731 2780 quia
781 2693 1000 2759 aderat
1047 2692 1422 2777 quotidiana
1480 2690 1950 2754 sermocinandi
2009 2692 2423 2768 exercitati03

214 2796 354 2859 inde
398 2798 787 2879 suppetebat
839 2796 1186 2879 eloquium,
1233 2791 1408 2877 quod
1463 2792 1663 2855 fiebat
1702 2789 2047 2875 'acceptius
2090 2792 2425 2877 magisque

216 2894 635 2961 seductorium
670 2895 1101 2959 moderamine
1143 2894 1410 2976 ingenii,
1441 2901 1506 2956 et
1546 2892 1824 2977 quodam
1866 2893 2083 2975 lepore
2126 2892 2419 2955 naturali.

216 2998 384 3060 Itane
420 3006 523 3061 est
561 3006 636 3062 ut
673 2997 906 3074 recolo,
947 2996 1228 3059 Domine
1273 2995 1458 3082 Deus
1497 3014 1702 3070 meuS,
1734 2992 1968 3057 arbiter
2008 2993 2419 3056 conscientiae

215 3098 402 3162 meae?
479 3097 715 3163 Coram
755 3106 822 3162 te
865 3119 975 3162 cor
1014 3119 1228 3160 meum
1271 3103 1337 3159 et
1377 3093 1731 3157 recordatio
1770 3114 1933 3171 mea,
1971 3093 2083 3177 qui
2123 3113 2227 3155 me
2262 3100 2417 3156 tunc

215 3201 436 3279 agebas
479 3199 701 3263 abdito
746 3206 990 3263 secreto
1028 3196 1449 3281 providentiae
1487 3203 1636 3271 tuae,
1666 3203 1733 3258 et
1759 3194 2138 3257 inhonestos
2178 3214 2417 3258 errores
2437 3214 2523 3263 Ps.
2544 3216 2625 3273 49,

213 3321 378 3364 meos
407 3301 546 3385 jam
579 3302 994 3366 convertebas
1025 3306 1171 3363 ante
1201 3297 1430 3361 faciem
1473 3316 1703 3374 meam,
1734 3302 1809 3357 ut
1834 3293 2118 3357 viderem
2148 3301 2215 3357 et
2243 3294 2415 3358 odis-
2435 3280 2517 3329 ²¹·

219 3422 358 3463 sem.
2288 3416 2311 3448 0

223 3526 230 3535 ·
294 3508 388 3566 12.
447 3506 621 3569 Nam
674 3514 1097 3591 posteaquam
1148 3506 1259 3567 ille
1314 3503 1474 3565 mihi
1518 3502 1853 3584 imperitus
1898 3520 2114 3563 earum
2160 3500 2410 3579 artium,
2483 3500 2641 3590 VII(

215 3604 433 3688 quibus
488 3628 636 3669 eum
691 3609 1005 3671 excellere
1059 3613 1452 3688 putaveram,
1499 3601 1655 3665 satis
1713 3601 2031 3685 apparuit,
2078 3600 2413 3685 desperare
2431 3580 2632 3695 &¹:2⁰⁸-

214 3705 370 3787 coepi
411 3729 604 3790 posse
647 3728 795 3771 eum
837 3708 996 3770 mihi
1039 3708 1154 3769 illa
1198 3726 1342 3789 quae
1389 3725 1490 3765 me
1534 3704 1880 3765 movebant
1929 3702 2171 3785 aperire
2217 3708 2411 3784 atque
2430 3718 2569 3787 secta·

213 3804 580 3885 dissolvere3
633 3829 904 3893 quorum
950 3807 1209 3892 quidem
1255 3805 1518 3887 ignarus
1562 3811 1782 3886 posset
1824 3802 2150 3865 veritatem
2196 3810 2411 3864 tenere
2428 3775 2597 3888 ἓξὲξ

213 3906 476 3989 pietatiS,
513 3908 628 3973 sed
667 3910 722 3973 si
765 3909 1161 3973 manichaeus
1205 3927 1336 3968 non
1388 3911 1574 3967 esset.
1666 3904 1848 3966 Libri
1903 3902 2145 3987 quippe
2193 3924 2411 3965 eorum
2429 3918 2551 3953 rum.

214 4012 376 4092 pleni
407 4021 557 4075 sunt
581 4012 979 4093 longissimis
1005 4010 1242 4074 fabulis
1255 4007 1298 4089 ¹¹,
1321 4009 1402 4071 de
1433 4010 1600 4071 coelo
1630 4014 1696 4069 et
1724 4005 2062 4083 sideribuS,
2092 4012 2157 4067 et
2183 4006 2317 4067 sole
2345 4012 2413 4067 et

211 4110 382 4175 luna:
428 4135 572 4197 quae
600 4114 761 4176 mihi
791 4133 960 4192 eum,
991 4112 1167 4196 quod
1194 4111 1420 4195 utique
1451 4108 1814 4191 cupiebam,
1838 4104 2090 4169 collatis
2117 4126 2409 4167 numero-

211 4232 337 4273 rum
363 4214 737 4293 rationibuS,
762 4236 924 4299 quas
953 4214 1109 4276 alibi
1140 4233 1261 4293 ego
1290 4213 1595 4291 legeram,
1615 4215 1825 4271 utrum
1848 4205 2066 4289 potius
2086 4205 2179 4269 ita
2196 4213 2413 4269 essent

213 4320 277 4375 ut
299 4314 645 4378 Manichaei
673 4315 856 4377 libris
887 4314 1396 4389 continebantur,
1428 4332 1511 4374 an
1544 4317 1711 4372 certe
1741 4309 1843 4370 vel
1871 4328 1990 4390 par
2019 4306 2213 4369 etiam
2255 4305 2409 4369 inde

210 4414 356 4478 ratio
383 4414 765 4495 redderetur,
798 4416 1116 4480 subtiliter
1143 4412 1469 4497 explicare
1496 4430 1689 4494 posse
1707 4408 1847 4492 jam
1876 4429 2009 4470 non
2040 4407 2407 4471 arbitrabar.

868 4538 897 4576 k
933 4538 1043 4589 vid.
1065 4554 1173 4603 sup.
1197 4537 1259 4585 ad
1283 4536 1341 4585 L.
1364 4533 1428 4586 ia
1448 4551 1494 4584 e.
1516 4537 1565 4583 6.
1591 4534 1631 4596 ς.
1661 4534 1739 4582 10.
