3042 5059
697 400 825 459 204
909 396 974 459 S.
1021 392 1557 460 AUGUSTINI
1606 393 2033 460 EPISCOPI
2078 397 2339 460 CONF.
2384 397 2561 460 LIB.
2607 399 2691 460 X.

693 547 834 596 tistae.
877 545 1206 612 Hisproeclare
1217 559 1374 594 eoram
1453 544 1767 611 pulorespon·

692 609 778 660 dit.
827 612 1006 675 (Serm.
1031 611 1078 659 3.
1105 609 1154 658 in
1177 611 1255 658 Ps.
1280 611 1360 659 36.
1389 561 1567 672 ξο19.)
1618 617 1651 640 “
1676 611 1771 660 Lo·

692 682 898 739 quantur
923 691 1036 738 ergo
1065 675 1288 724 adversus
1319 689 1406 722 nos
1434 673 1667 738 quidquid
1690 689 1770 724 vo·

693 737 828 788 lunt:
887 755 974 788 nos
1024 738 1108 788 dili
1219 754 1273 787 us
1309 737 1417 786 illos
1454 746 1504 786 et
1542 738 1773 788 nolentes.

695 803 926 852 Novimus
944 802 1090 862 enim,
1155 811 1316 857 ratres,
1339 801 1554 850 novimus
1586 802 1772 866 linguas

693 883 886 918 eorum:
923 875 1108 932 propter
1139 881 1260 930 quas
1281 866 1350 914 eis
1379 881 1475 916 non
1498 867 1771 924 ἰιιεοιιιιιιι,

697 931 920 1006 patienter
957 931 1070 980 ferte
1109 929 1370 980 nobiscum.
1441 931 1615 978 Vident
1646 928 1773 978 enim

695 1011 744 1043 m
767 1010 934 1044 caussa
954 1011 1006 1044 se
1027 994 1142 1046 nibil
1165 994 1357 1048 habere.
1379 1001 1428 1042 et
1457 993 1641 1056 linguas
1662 1009 1774 1042 eon·

695 1067 881 1170 ver=unt
895 1061 942 1107 in
959 1075 1044 1171 :lips
1061 1077 1076 1120 3
1095 1071 1144 1108 et
1155 1057 1609 1170 incipiunttdenolstis
1618 1058 1771 1108 dicere

698 1139 842 1178 maa.
883 1139 966 1172 mu
1003 1138 1034 1170 a
1118 1138 1194 1171 ute
1248 1138 1416 1178 setun,
1461 1138 1540 1169 mu
1582 1138 1611 1170 a
1697 1138 1769 1172 uae

698 1187 929 1236 nesciunt.
993 1139 1119 1245 ng
1149 1185 1322 1245 sciunt,
1347 1185 1584 1252 preterita
1617 1137 1771 1236 agua

697 1259 822 1300 sunt.
873 1251 1068 1300 Fuimus
1083 1251 1208 1300 enim
1229 1250 1502 1316 aliquando,
1518 1251 1640 1300 sicut
1658 1251 1773 1300 dicit

698 1315 972 1381 Apostolus,
986 1319 1020 1343 ·‘
1031 1314 1159 1364 stulti
1173 1323 1220 1390 et
1235 1313 1483 1402 increduli,
1495 1323 1543 1363 et
1554 1315 1614 1363 ad
1631 1331 1771 1364 omne

697 1379 1775 1516 3232,{2¹:3⁰2:ssffissssssmssffssfflssffisxsszff

698 1523 892 1572 gamus3
925 1517 974 1556 et
994 1516 1222 1572 quantum
1248 1515 1536 1573 praetentum
1566 1516 1774 1556 nostrum

700 1587 795 1622 non
837 1587 1087 1636 negamus.
1129 1579 1258 1620 tanto
1297 1571 1446 1635 magis
1477 1572 1640 1620 Deum
1682 1573 1768 1635 qui

699 1636 864 1686 nobisi
899 1637 1040 1696 novit,
1058 1636 1324 1686 laudamus.
1389 1635 1518 1693 Quid
1541 1651 1651 1700 ergo
1674 1635 1771 1684 he-

699 1701 842 1749 retice
891 1701 1048 1749 imittis
1061 1708 1350 1758 caussam‚et
1363 1698 1402 1748 is
1421 1697 1483 1747 ad
1501 1698 1737 1748 hominem
1750 1703 1772 1748 ‘l

701 1766 830 1824 Quid
847 1765 972 1814 enim
997 1781 1084 1830 ego
1103 1781 1206 1814 sum
1223 1769 1244 1812 'l
1287 1764 1416 1824 Quid
1435 1778 1537 1811 sum
1554 1767 1574 1812 ⁴!
1620 1764 1773 1812 Num-

699 1829 816 1892 quid
871 1829 1120 1878 Catholiea
1171 1845 1258 1892 ego
1317 1831 1459 1878 sum‘l
1525 1826 1771 1892 Numquid

699 1893 932 1942 hereditas
965 1891 1140 1942 Christi
1172 1892 1345 1941 diffusa
1375 1907 1458 1956 per
1489 1899 1651 1956 gentes
1682 1907 1771 1957 ego

699 1973 802 2005 sum
823 1961 842 2006 ’ἔ
884 1957 1067 2005 Sufficit
1095 1956 1214 2004 mihi
1235 1965 1286 2004 ut
1310 1955 1359 2003 in
1378 1971 1436 2004 ea
1455 1955 1559 2003 sim.
1630 1955 1768 2004 Vitu-

761 2036 835 2068 ras
855 2022 982 2068 mala
1005 2035 1112 2068 mea
1132 2019 1382 2084 preterita,
1405 2020 1518 2094 quid
1550 2034 1771 2083 magnum

777 2085 787 2096 '
829 2089 850 2134 l
911 2084 1123 2134 Severior
1153 2099 1256 2132 sum
1301 2099 1390 2148 ego
1423 2098 1474 2131 ιιι
1507 2083 1635 2132 mala
1666 2099 1773 2132 mea

699 2163 842 2212 quam
870 2156 952 2196 tu:
986 2147 1116 2213 quod
1142 2156 1193 2196 tu
1213 2147 1498 2212 vituperasti,
1519 2163 1608 2212 ego
1638 2147 1771 2195 dam·

704 2211 821 2262 nari.
895 2212 1089 2260 Utinam
1113 2211 1259 2259 velles
1291 2211 1474 2265 imitari,
1497 2219 1554 2258 ut
1572 2219 1619 2260 et
1647 2227 1773 2260 error

699 2285 812 2326 tuus
870 2275 1001 2324 fieret
1038 2276 1290 2340 aliquando
1331 2275 1609 2340 praeteritus.
1676 2277 1774 2324 Ista

699 2348 810 2391 sunt
831 2340 955 2388 mala
990 2337 1242 2404 praeterita,
1263 2355 1369 2404 quae
1399 2348 1647 2396 noverunt,
1671 2356 1772 2388 ma-

701 2404 824 2453 xime
865 2403 916 2452 in
959 2403 1046 2452 ista
1085 2403 1285 2452 civitate.
1351 2403 1446 2451 Hie
1483 2403 1609 2451 enim
1646 2404 1769 2454 male

1832 545 1873 596 si
1894 545 2051 596 adhuc
2072 561 2240 596 essem.
2292 547 2385 596 Sed
2405 547 2521 612 quid
2544 547 2734 596 dicam!
2778 548 2917 598 Gau-

1832 611 1959 660 deo‘l
2003 611 2108 659 Nee
2148 611 2237 660 hoc
2276 627 2463 676 pomum
2502 612 2661 660 dicere
2681 631 2695 658 :
2729 613 2915 661 utinam

1833 674 1959 724 enim
1996 690 2251 739 numquam
2286 675 2493 724 fuissem.
2560 677 2815 741 Quidquid
2843 686 2915 726 ta-
3019 695 3020 716 τ

1836 753 1945 787 men
1987 738 2073 796 sui,
2104 741 2154 787 in
2195 739 2381 788 nornine
2414 737 2589 788 Christi
2626 742 2915 804 preteritum

1834 811 1919 850 est.
1988 803 2131 860 Quod
2169 811 2325 851 autem
2368 804 2508 852 modo
2545 805 2910 866 reprehendunt,

1836 882 1932 916 non
1976 875 2165 916 norunt.
2231 869 2353 916 Sunt
2390 883 2501 931 quoe
2547 868 2707 916 adhuc
2748 869 2799 916 in
2840 885 2916 918 me

1838 930 2177 996 reprehendant
2198 949 2210 978 :
2244 931 2328 979 sed
2351 940 2510 979 tamen
2534 932 2737 980 multum
2762 940 2836 980 <st
2854 935 2917 982 ad
3019 971 3020 984 ,

1838 994 1945 1042 illos
1966 1002 2019 1042 ut
2044 995 2147 1043 haec
2173 995 2400 1043 noverint.
2472 995 2635 1043 Multa
2666 996 2794 1044 enirn
2828 1012 2919 1062 ago

1834 1057 1881 1106 in
1912 1058 2268 1124 cogitationibus
2290 1058 2424 1114 meis,
2447 1075 2667 1124 pugnans
2696 1062 2919 1110 adversus

1833 1122 1985 1169 malas
2004 1123 2317 1187 suggestiones
2338 1139 2484 1177 meas,
2506 1133 2555 1170 et
2588 1123 2771 1172 habens
2804 1141 2916 1173 con-

1834 1185 2131 1235 flictationem
2172 1187 2457 1241 diuturnam,
2494 1196 2543 1234 et
2582 1203 2731 1252 prope
2768 1190 2915 1236 conti-

1836 1266 1978 1300 nuam
1993 1250 2444 1300 commutationibus
2456 1251 2635 1299 inimici
2648 1253 2915 1302 subvertere

1836 1329 1911 1362 tne
1943 1315 2160 1364 volentis.
2224 1317 2378 1364 Gemo
2414 1316 2476 1362 ad
2511 1315 2676 1362 Deum
2709 1315 2758 1363 in
2794 1315 2915 1364 infir-

1836 1379 1997 1428 mitate
2026 1394 2164 1438 ιιιεις
2200 1388 2250 1427 et
2288 1378 2417 1428 novit
2446 1379 2561 1441 qnid
2596 1381 2804 1444 parturit
2838 1397 2917 1428 eor

1840 1458 2015 1499 meum,
2028 1444 2108 1492 ille
2122 1444 2201 1506 qui
2215 1444 2343 1491 novit
2352 1453 2535 1508 partum
2550 1458 2733 1491 meum.
2750 1445 2917 1492 “Mihi

1839 1515 1993 1556 autem
2016 1507 2258 1555 minimum
2282 1517 2370 1560 est,
2396 1515 2446 1555 ut
2468 1521 2497 1554 a
2512 1507 2647 1556 vobis
2668 1507 2915 1573 dijudicer,

1834 1581 1919 1620 aut
1928 1573 1991 1620 ab
2012 1571 2219 1620 humano
2234 1571 2365 1628 die.”
2382 1573 2451 1620 ait
2466 1571 2731 1636 Apostolus
2746 1589 2761 1630 ;
2782 1579 2818 1600 “
2836 1575 2919 1622 sed

1836 1651 1989 1700 neque
2006 1650 2093 1700 ego
2106 1635 2333 1710 rneipsum
2347 1635 2563 1700 judico.''
2588 1636 2773 1684 Melius
2792 1638 2917 1684 enim

1838 1715 1914 1747 me
1934 1714 2021 1762 ego
2042 1715 2153 1747 novt
2184 1715 2327 1788 qruam
2360 1699 2448 1754 illi,
2470 1699 2551 1772 sed
2582 1701 2758 1774 inelius
2782 1701 2921 1749 Deus
3019 1731 3020 1774 ᾗ

1837 1763 2921 1902 „oba-0012,fssssissffr‘i‘sl'sss'fffififfiffiss‘,
3019 1839 3020 1896 ;

1838 1892 1901 1938 Et
1933 1905 2015 1954 qut
2056 1895 2197 1939 sunt‘!
2233 1900 2283 1939 et
2311 1893 2438 1940 unde
2469 1893 2615 1940 sunt'l
2646 1895 2805 1941 malos
2840 1893 2918 1942 hic
3019 1897 3020 1952 ᾗ

1838 1778 1981 1828 quam
2004 1777 2107 1828 ego.

1835 1954 1941 2004 illos
1959 1955 2185 2010 novimus,
2208 1954 2291 2004 ubi
2311 1955 2536 2020 baptizati
2556 1966 2670 2004 sunt
2688 1959 2710 2004 :³
2759 1957 2815 2004 Si
2838 1973 2921 2006 nos

1836 2019 1957 2067 bene
1978 2020 2383 2074 noverunt.sciunt
2398 2019 2512 2082 quia
2524 2027 2571 2068 et
2590 2021 2919 2084 navigavimus

1836 2084 2131 2147 eliquand03
2182 2083 2339 2132 sciunt
2380 2083 2491 2147 quia
2534 2091 2585 2132 et
2630 2085 2917 2149 peregrinati

1833 2162 2025 2205 sumus3
2072 2147 2225 2195 sciunt
2255 2147 2367 2212 quia
2404 2146 2487 2195 alii
2522 2145 2710 2206 ivimus,
2750 2158 2801 2196 et
2838 2149 2917 2197 alii

1837 2211 2100 2259 redivimus.
2182 2213 2293 2260 Non
2330 2210 2405 2259 hic
2452 2211 2679 2275 baptizati
2718 2225 2914 2260 sumus:

1837 2277 1918 2324 sed
1936 2276 2019 2323 ubi
2042 2274 2261 2338 baptizati
2278 2291 2456 2328 sumus,
2474 2276 2692 2324 Ecclesia
2712 2285 2787 2324 est
2808 2286 2917 2325 nota

1835 2340 2048 2388 universo
2068 2339 2170 2388 orbi
2188 2348 2429 2387 terrarum.
2502 2341 2566 2386 Et
2586 2341 2729 2388 multi
2753 2340 2916 2389 fratres

1834 2403 1977 2451 nostri
1996 2412 2121 2462 sunt,
2140 2403 2223 2467 qui
2256 2410 2305 2452 et
2341 2409 2514 2450 norunt
2543 2405 2661 2468 quia
2688 2404 2914 2468 baptizati

699 2468 916 2524 viximus,
937 2468 1065 2532 quod
1079 2483 1168 2532 ego
1185 2467 1436 2518 confiteor:
1473 2474 1522 2515 et
1540 2475 1768 2532 quantum
1830 2483 2010 2525 sumus,
2022 2476 2071 2516 et
2090 2468 2330 2516 nobiscum
2347 2468 2571 2530 baptizati
2584 2477 2717 2517 sunt.
2755 2468 2914 2517 Facile

700 2532 884 2596 gaudeo
914 2535 973 2582 de
1011 2533 1162 2593 gratia
1193 2531 1306 2590 Dei,
1338 2539 1520 2580 tantum
1558 2533 1617 2580 de
1658 2533 1769 2581 meis
1830 2539 1899 2580 est
1938 2547 2049 2596 ergo
2084 2531 2173 2579 boc
2213 2547 2363 2590 nosse,
2396 2531 2435 2580 si
2471 2531 2579 2597 quis
2612 2532 2812 2581 fratrum
2848 2543 2914 2582 est

701 2596 941 2663 praeteritis
951 2597 1064 2662 quid
1079 2596 1487 2646 dicam-...Doleat
1525 2596 1764 2654 Dolet-em,
1831 2595 1939 2645 inde
1959 2596 2201 2646 sollicitus.
