<?xml version="1.0" encoding="UTF-8"?>
<!DOCTYPE html PUBLIC "-//W3C//DTD XHTML 1.0 Transitional//EN"
    "http://www.w3.org/TR/xhtml1/DTD/xhtml1-transitional.dtd">
<html xmlns="http://www.w3.org/1999/xhtml" xml:lang="en" lang="en">
 <head>
  <title>
</title>
<meta http-equiv="Content-Type" content="text/html;charset=utf-8" />
  <meta name='ocr-system' content='tesseract 3.04.00' />
  <meta name='ocr-capabilities' content='ocr_page ocr_carea ocr_par ocr_line ocrx_word'/>
</head>
<body>
  <div class='ocr_page' id='page_1' title='image "./confessionespos00dubogoog_0126.png"; bbox 0 0 3042 5059; ppageno 0'>
   <div class='ocr_carea' id='block_1_1' title="bbox 389 3834 463 3883">
    <p class='ocr_par' dir='ltr' id='par_1_1' title="bbox 389 3834 463 3883">
     <span class='ocr_line' id='line_1_1' title="bbox 389 3834 463 3883; baseline 0.027 -2"><span class='ocrx_word' id='word_1_1' title='bbox 389 3834 463 3883; x_wconf 91' lang='lat'>11.</span> 
     </span>
    </p>
   </div>
   <div class='ocr_carea' id='block_1_2' title="bbox 314 3899 534 3946">
    <p class='ocr_par' dir='ltr' id='par_1_2' title="bbox 314 3899 534 3946">
     <span class='ocr_line' id='line_1_2' title="bbox 314 3899 534 3946; baseline -0.009 0"><span class='ocrx_word' id='word_1_2' title='bbox 314 3899 374 3946; x_wconf 82' lang='lat' dir='ltr'><strong>M</strong></span> <span class='ocrx_word' id='word_1_3' title='bbox 375 3912 534 3945; x_wconf 83' lang='lat' dir='ltr'>omen·</span> 
     </span>
    </p>
   </div>
   <div class='ocr_carea' id='block_1_3' title="bbox 547 345 2193 415">
    <p class='ocr_par' dir='ltr' id='par_1_3' title="bbox 547 345 2193 415">
     <span class='ocr_line' id='line_1_3' title="bbox 547 345 2193 415; baseline -0.004 0"><span class='ocrx_word' id='word_1_4' title='bbox 547 354 670 415; x_wconf 82' lang='lat'>104</span> <span class='ocrx_word' id='word_1_5' title='bbox 1095 352 1162 415; x_wconf 91' lang='lat' dir='ltr'>S.</span> <span class='ocrx_word' id='word_1_6' title='bbox 1207 349 1727 415; x_wconf 85' lang='lat' dir='ltr'>AUGUSTINI</span> <span class='ocrx_word' id='word_1_7' title='bbox 1772 345 2193 411; x_wconf 83' lang='lat' dir='ltr'>EPISCOPI</span> 
     </span>
    </p>
   </div>
   <div class='ocr_carea' id='block_1_4' title="bbox 541 496 2785 3839">
    <p class='ocr_par' dir='ltr' id='par_1_4' title="bbox 541 496 2755 989">
     <span class='ocr_line' id='line_1_4' title="bbox 541 496 2752 588; baseline -0.005 -21"><span class='ocrx_word' id='word_1_8' title='bbox 541 504 872 587; x_wconf 80' lang='lat' dir='ltr'><strong>privabam</strong></span> <span class='ocrx_word' id='word_1_9' title='bbox 911 505 1136 588; x_wconf 83' lang='lat' dir='ltr'>spatiis</span> <span class='ocrx_word' id='word_1_10' title='bbox 1173 506 1431 584; x_wconf 86' lang='lat' dir='ltr'>talibus,</span> <span class='ocrx_word' id='word_1_11' title='bbox 1459 504 1625 567; x_wconf 87' lang='lat' dir='ltr'>nihil</span> <span class='ocrx_word' id='word_1_12' title='bbox 1652 502 1813 566; x_wconf 89' lang='lat' dir='ltr'>mihi</span> <span class='ocrx_word' id='word_1_13' title='bbox 1843 522 1983 565; x_wconf 85' lang='lat' dir='ltr'>esse</span> <span class='ocrx_word' id='word_1_14' title='bbox 2012 497 2381 564; x_wconf 87' lang='lat' dir='ltr'>videbatur:</span> <span class='ocrx_word' id='word_1_15' title='bbox 2430 496 2547 561; x_wconf 85' lang='lat' dir='ltr'>sed</span> <span class='ocrx_word' id='word_1_16' title='bbox 2574 516 2752 582; x_wconf 91' lang='lat' dir='ltr'>pror·</span> 
     </span>
     <span class='ocr_line' id='line_1_5' title="bbox 544 598 2755 689; baseline -0.005 -20"><span class='ocrx_word' id='word_1_17' title='bbox 544 626 653 669; x_wconf 83' lang='lat' dir='ltr'>sus</span> <span class='ocrx_word' id='word_1_18' title='bbox 678 604 862 679; x_wconf 89' lang='lat' dir='ltr'><strong>nihil,</strong></span> <span class='ocrx_word' id='word_1_19' title='bbox 891 626 974 669; x_wconf 92' lang='lat' dir='ltr'>ne</span> <span class='ocrx_word' id='word_1_20' title='bbox 1002 606 1194 669; x_wconf 89' lang='lat' dir='ltr'>inane</span> <span class='ocrx_word' id='word_1_21' title='bbox 1224 605 1516 689; x_wconf 89' lang='lat' dir='ltr'>quidem;</span> <span class='ocrx_word' id='word_1_22' title='bbox 1556 614 1863 687; x_wconf 86' lang='lat' dir='ltr'>tanquam</span> <span class='ocrx_word' id='word_1_23' title='bbox 1891 603 1947 665; x_wconf 80' lang='lat' dir='ltr'>si</span> <span class='ocrx_word' id='word_1_24' title='bbox 1976 622 2213 685; x_wconf 89' lang='lat' dir='ltr'>corpus</span> <span class='ocrx_word' id='word_1_25' title='bbox 2242 601 2559 664; x_wconf 81' lang='lat' dir='ltr'><strong>auferatur</strong></span> <span class='ocrx_word' id='word_1_26' title='bbox 2582 598 2755 671; x_wconf 89' lang='lat' dir='ltr'>loco,</span> 
     </span>
     <span class='ocr_line' id='line_1_6' title="bbox 545 696 2754 789; baseline -0.004 -22"><span class='ocrx_word' id='word_1_27' title='bbox 545 713 610 767; x_wconf 91' lang='lat' dir='ltr'>et</span> <span class='ocrx_word' id='word_1_28' title='bbox 635 714 893 768; x_wconf 83' lang='lat' dir='ltr'>maneat</span> <span class='ocrx_word' id='word_1_29' title='bbox 921 707 1106 769; x_wconf 84' lang='lat' dir='ltr'>locus</span> <span class='ocrx_word' id='word_1_30' title='bbox 1151 707 1324 769; x_wconf 90' lang='lat' dir='ltr'>omni</span> <span class='ocrx_word' id='word_1_31' title='bbox 1369 726 1631 789; x_wconf 89' lang='lat' dir='ltr'>corpore</span> <span class='ocrx_word' id='word_1_32' title='bbox 1664 711 1993 780; x_wconf 76' lang='lat' dir='ltr'>vacuatuS,</span> <span class='ocrx_word' id='word_1_33' title='bbox 2022 708 2087 763; x_wconf 92' lang='lat' dir='ltr'>et</span> <span class='ocrx_word' id='word_1_34' title='bbox 2113 712 2359 766; x_wconf 78' lang='lat' dir='ltr'>terreno</span> <span class='ocrx_word' id='word_1_35' title='bbox 2390 707 2455 763; x_wconf 94' lang='lat' dir='ltr'>et</span> <span class='ocrx_word' id='word_1_36' title='bbox 2480 696 2754 762; x_wconf 92' lang='lat' dir='ltr'>humido</span> 
     </span>
     <span class='ocr_line' id='line_1_7' title="bbox 543 801 2755 885; baseline -0.004 -16"><span class='ocrx_word' id='word_1_37' title='bbox 543 814 612 869; x_wconf 88' lang='lat' dir='ltr'>et</span> <span class='ocrx_word' id='word_1_38' title='bbox 665 826 849 869; x_wconf 88' lang='lat' dir='ltr'>aereo</span> <span class='ocrx_word' id='word_1_39' title='bbox 908 814 974 869; x_wconf 86' lang='lat' dir='ltr'>et</span> <span class='ocrx_word' id='word_1_40' title='bbox 1031 808 1298 885; x_wconf 87' lang='lat' dir='ltr'>coelesti,</span> <span class='ocrx_word' id='word_1_41' title='bbox 1346 805 1461 869; x_wconf 89' lang='lat' dir='ltr'>sed</span> <span class='ocrx_word' id='word_1_42' title='bbox 1521 814 1736 869; x_wconf 85' lang='lat' dir='ltr'>tamen</span> <span class='ocrx_word' id='word_1_43' title='bbox 1796 804 1883 868; x_wconf 88' lang='lat' dir='ltr'>sit</span> <span class='ocrx_word' id='word_1_44' title='bbox 1936 804 2121 867; x_wconf 87' lang='lat' dir='ltr'>locus</span> <span class='ocrx_word' id='word_1_45' title='bbox 2177 801 2389 866; x_wconf 90' lang='lat' dir='ltr'>inanis</span> <span class='ocrx_word' id='word_1_46' title='bbox 2446 808 2755 883; x_wconf 82' lang='lat' dir='ltr'>tanquam</span> 
     </span>
     <span class='ocr_line' id='line_1_8' title="bbox 545 907 1110 989; baseline 0.002 -20"><span class='ocrx_word' id='word_1_47' title='bbox 545 907 900 989; x_wconf 90' lang='lat' dir='ltr'>spatiosum</span> <span class='ocrx_word' id='word_1_48' title='bbox 927 908 1110 970; x_wconf 89' lang='lat' dir='ltr'>nihil.</span> 
     </span>
    </p>

    <p class='ocr_par' dir='ltr' id='par_1_5' title="bbox 544 999 2785 3839">
     <span class='ocr_line' id='line_1_9' title="bbox 631 999 2755 1093; baseline -0.004 -24"><span class='ocrx_word' id='word_1_49' title='bbox 631 1010 694 1071; x_wconf 82' lang='lat'>2.</span> <span class='ocrx_word' id='word_1_50' title='bbox 740 1010 890 1089; x_wconf 91' lang='lat' dir='ltr'>Ego</span> <span class='ocrx_word' id='word_1_51' title='bbox 928 1012 1150 1093; x_wconf 87' lang='lat' dir='ltr'>itaque</span> <span class='ocrx_word' id='word_1_52' title='bbox 1178 1010 1568 1075; x_wconf 87' lang='lat' dir='ltr'>incrassatus</span> <span class='ocrx_word' id='word_1_53' title='bbox 1608 1006 1821 1085; x_wconf 89' lang='lat' dir='ltr'>corde,</span> <span class='ocrx_word' id='word_1_54' title='bbox 1849 1028 1969 1071; x_wconf 88' lang='lat' dir='ltr'>nec</span> <span class='ocrx_word' id='word_1_55' title='bbox 2000 1005 2292 1069; x_wconf 88' lang='lat' dir='ltr'><strong>mihimet</strong></span> <span class='ocrx_word' id='word_1_56' title='bbox 2316 1002 2447 1087; x_wconf 90' lang='lat' dir='ltr'>ipsi</span> <span class='ocrx_word' id='word_1_57' title='bbox 2475 1002 2580 1064; x_wconf 85' lang='lat' dir='ltr'>vel</span> <span class='ocrx_word' id='word_1_58' title='bbox 2613 999 2755 1082; x_wconf 88' lang='lat' dir='ltr'>ipse</span> 
     </span>
     <span class='ocr_line' id='line_1_10' title="bbox 547 1104 2756 1195; baseline -0.004 -23"><span class='ocrx_word' id='word_1_59' title='bbox 547 1110 937 1193; x_wconf 90' lang='lat' dir='ltr'>conspicuus</span> <span class='ocrx_word' id='word_1_60' title='bbox 947 1119 988 1181; x_wconf 81' lang='lat'>⁸,</span> <span class='ocrx_word' id='word_1_61' title='bbox 1013 1110 1330 1195; x_wconf 90' lang='lat' dir='ltr'>quidquid</span> <span class='ocrx_word' id='word_1_62' title='bbox 1349 1132 1482 1174; x_wconf 91' lang='lat' dir='ltr'>non</span> <span class='ocrx_word' id='word_1_63' title='bbox 1511 1131 1628 1194; x_wconf 91' lang='lat' dir='ltr'>per</span> <span class='ocrx_word' id='word_1_64' title='bbox 1657 1108 1986 1193; x_wconf 87' lang='lat' dir='ltr'>aliquanta</span> <span class='ocrx_word' id='word_1_65' title='bbox 2014 1107 2225 1191; x_wconf 81' lang='lat' dir='ltr'>spatia</span> <span class='ocrx_word' id='word_1_66' title='bbox 2251 1104 2636 1179; x_wconf 84' lang='lat' dir='ltr'>tenderetur,</span> <span class='ocrx_word' id='word_1_67' title='bbox 2655 1104 2756 1165; x_wconf 80' lang='lat' dir='ltr'>vel</span> 
     </span>
     <span class='ocr_line' id='line_1_11' title="bbox 547 1202 2757 1292; baseline -0.003 -21"><span class='ocrx_word' id='word_1_68' title='bbox 547 1208 1027 1287; x_wconf 87' lang='lat' dir='ltr'>diffunderetur,</span> <span class='ocrx_word' id='word_1_69' title='bbox 1054 1211 1158 1273; x_wconf 86' lang='lat' dir='ltr'>vel</span> <span class='ocrx_word' id='word_1_70' title='bbox 1197 1212 1708 1292; x_wconf 85' lang='lat' dir='ltr'>conglobaretur,</span> <span class='ocrx_word' id='word_1_71' title='bbox 1746 1210 1848 1272; x_wconf 87' lang='lat' dir='ltr'>vel</span> <span class='ocrx_word' id='word_1_72' title='bbox 1882 1216 2171 1284; x_wconf 87' lang='lat' dir='ltr'>tumeret,</span> <span class='ocrx_word' id='word_1_73' title='bbox 2201 1207 2304 1271; x_wconf 90' lang='lat' dir='ltr'>vel</span> <span class='ocrx_word' id='word_1_74' title='bbox 2344 1208 2473 1270; x_wconf 85' lang='lat' dir='ltr'>tale</span> <span class='ocrx_word' id='word_1_75' title='bbox 2507 1202 2757 1289; x_wconf 89' lang='lat' dir='ltr'>aliquid</span> 
     </span>
     <span class='ocr_line' id='line_1_12' title="bbox 548 1307 2755 1393; baseline -0.004 -20"><span class='ocrx_word' id='word_1_76' title='bbox 548 1318 825 1392; x_wconf 87' lang='lat' dir='ltr'>caperet,</span> <span class='ocrx_word' id='word_1_77' title='bbox 884 1319 996 1373; x_wconf 92' lang='lat' dir='ltr'>aut</span> <span class='ocrx_word' id='word_1_78' title='bbox 1053 1331 1280 1392; x_wconf 83' lang='lat' dir='ltr'>capere</span> <span class='ocrx_word' id='word_1_79' title='bbox 1336 1319 1580 1393; x_wconf 87' lang='lat' dir='ltr'>posset,</span> <span class='ocrx_word' id='word_1_80' title='bbox 1638 1309 1805 1371; x_wconf 85' lang='lat' dir='ltr'>nihil</span> <span class='ocrx_word' id='word_1_81' title='bbox 1864 1330 2124 1393; x_wconf 89' lang='lat' dir='ltr'>prorsus</span> <span class='ocrx_word' id='word_1_82' title='bbox 2185 1329 2325 1371; x_wconf 86' lang='lat' dir='ltr'>esse</span> <span class='ocrx_word' id='word_1_83' title='bbox 2384 1307 2755 1373; x_wconf 78' lang='lat' dir='ltr'>arbitrabar.</span> 
     </span>
     <span class='ocr_line' id='line_1_13' title="bbox 545 1409 2757 1497; baseline -0.003 -21"><span class='ocrx_word' id='word_1_84' title='bbox 545 1414 671 1476; x_wconf 91' lang='lat' dir='ltr'>Per</span> <span class='ocrx_word' id='word_1_85' title='bbox 690 1415 913 1497; x_wconf 89' lang='lat' dir='ltr'>quales</span> <span class='ocrx_word' id='word_1_86' title='bbox 940 1413 1111 1476; x_wconf 89' lang='lat' dir='ltr'>enim</span> <span class='ocrx_word' id='word_1_87' title='bbox 1141 1414 1375 1477; x_wconf 87' lang='lat' dir='ltr'>formas</span> <span class='ocrx_word' id='word_1_88' title='bbox 1403 1415 1496 1477; x_wconf 89' lang='lat' dir='ltr'>ire</span> <span class='ocrx_word' id='word_1_89' title='bbox 1528 1414 1738 1477; x_wconf 80' lang='lat' dir='ltr'>solent</span> <span class='ocrx_word' id='word_1_90' title='bbox 1766 1413 1939 1477; x_wconf 92' lang='lat' dir='ltr'>oculi</span> <span class='ocrx_word' id='word_1_91' title='bbox 1958 1413 2107 1490; x_wconf 90' lang='lat' dir='ltr'>mei,</span> <span class='ocrx_word' id='word_1_92' title='bbox 2123 1432 2240 1495; x_wconf 89' lang='lat' dir='ltr'>per</span> <span class='ocrx_word' id='word_1_93' title='bbox 2259 1412 2419 1474; x_wconf 87' lang='lat' dir='ltr'>tales</span> <span class='ocrx_word' id='word_1_94' title='bbox 2440 1409 2757 1489; x_wconf 85' lang='lat' dir='ltr'>imagines</span> 
     </span>
     <span class='ocr_line' id='line_1_14' title="bbox 545 1511 2759 1593; baseline -0.001 -18"><span class='ocrx_word' id='word_1_95' title='bbox 545 1514 685 1577; x_wconf 90' lang='lat' dir='ltr'>ibat</span> <span class='ocrx_word' id='word_1_96' title='bbox 712 1536 824 1578; x_wconf 91' lang='lat' dir='ltr'>cor</span> <span class='ocrx_word' id='word_1_97' title='bbox 848 1535 1061 1576; x_wconf 89' lang='lat' dir='ltr'>meum</span> <span class='ocrx_word' id='word_1_98' title='bbox 1085 1538 1101 1577; x_wconf 72' lang='grc' dir='ltr'><strong>ε</strong></span> <span class='ocrx_word' id='word_1_99' title='bbox 1146 1535 1266 1577; x_wconf 90' lang='lat' dir='ltr'>nec</span> <span class='ocrx_word' id='word_1_100' title='bbox 1297 1514 1594 1577; x_wconf 85' lang='lat' dir='ltr'>videbam</span> <span class='ocrx_word' id='word_1_101' title='bbox 1623 1515 1795 1577; x_wconf 89' lang='lat' dir='ltr'>hanc</span> <span class='ocrx_word' id='word_1_102' title='bbox 1824 1513 2113 1578; x_wconf 86' lang='lat' dir='ltr'>eamdem</span> <span class='ocrx_word' id='word_1_103' title='bbox 2156 1511 2595 1586; x_wconf 89' lang='lat' dir='ltr'>intentionem,</span> <span class='ocrx_word' id='word_1_104' title='bbox 2627 1530 2759 1593; x_wconf 85' lang='lat' dir='ltr'>qua</span> 
     </span>
     <span class='ocr_line' id='line_1_15' title="bbox 544 1611 2755 1697; baseline -0.001 -21"><span class='ocrx_word' id='word_1_105' title='bbox 544 1616 692 1677; x_wconf 88' lang='lat' dir='ltr'>illas</span> <span class='ocrx_word' id='word_1_106' title='bbox 738 1614 915 1697; x_wconf 89' lang='lat' dir='ltr'>ipsas</span> <span class='ocrx_word' id='word_1_107' title='bbox 963 1615 1280 1696; x_wconf 84' lang='lat' dir='ltr'>imagines</span> <span class='ocrx_word' id='word_1_108' title='bbox 1325 1616 1699 1691; x_wconf 88' lang='lat' dir='ltr'>formabam,</span> <span class='ocrx_word' id='word_1_109' title='bbox 1736 1635 1868 1677; x_wconf 90' lang='lat' dir='ltr'>non</span> <span class='ocrx_word' id='word_1_110' title='bbox 1910 1634 2050 1677; x_wconf 86' lang='lat' dir='ltr'>esse</span> <span class='ocrx_word' id='word_1_111' title='bbox 2092 1614 2221 1675; x_wconf 76' lang='lat' dir='ltr'>tale</span> <span class='ocrx_word' id='word_1_112' title='bbox 2260 1611 2542 1695; x_wconf 78' lang='lat' dir='ltr'>aliquid5</span> <span class='ocrx_word' id='word_1_113' title='bbox 2608 1631 2755 1694; x_wconf 83' lang='lat' dir='ltr'>quae</span> 
     </span>
     <span class='ocr_line' id='line_1_16' title="bbox 546 1712 2759 1798; baseline -0.003 -19"><span class='ocrx_word' id='word_1_114' title='bbox 546 1724 761 1779; x_wconf 84' lang='lat' dir='ltr'>tamen</span> <span class='ocrx_word' id='word_1_115' title='bbox 802 1716 980 1797; x_wconf 89' lang='lat' dir='ltr'>ipsas</span> <span class='ocrx_word' id='word_1_116' title='bbox 1022 1737 1155 1778; x_wconf 91' lang='lat' dir='ltr'>non</span> <span class='ocrx_word' id='word_1_117' title='bbox 1197 1715 1517 1792; x_wconf 88' lang='lat' dir='ltr'>formaret,</span> <span class='ocrx_word' id='word_1_118' title='bbox 1562 1715 1688 1778; x_wconf 89' lang='lat' dir='ltr'>nisi</span> <span class='ocrx_word' id='word_1_119' title='bbox 1733 1722 1901 1778; x_wconf 86' lang='lat' dir='ltr'>esset</span> <span class='ocrx_word' id='word_1_120' title='bbox 1943 1712 2189 1798; x_wconf 85' lang='lat' dir='ltr'>aliquid</span> <span class='ocrx_word' id='word_1_121' title='bbox 2236 1733 2560 1793; x_wconf 90' lang='lat' dir='ltr'>magnum.</span> <span class='ocrx_word' id='word_1_122' title='bbox 2650 1712 2759 1774; x_wconf 83' lang='lat' dir='ltr'>Ita</span> 
     </span>
     <span class='ocr_line' id='line_1_17' title="bbox 545 1811 2757 1899; baseline -0.001 -21"><span class='ocrx_word' id='word_1_123' title='bbox 545 1817 739 1879; x_wconf 90' lang='lat' dir='ltr'>etiam</span> <span class='ocrx_word' id='word_1_124' title='bbox 767 1824 852 1893; x_wconf 90' lang='lat' dir='ltr'>te,</span> <span class='ocrx_word' id='word_1_125' title='bbox 882 1816 1015 1878; x_wconf 85' lang='lat' dir='ltr'>vita</span> <span class='ocrx_word' id='word_1_126' title='bbox 1040 1816 1188 1879; x_wconf 85' lang='lat' dir='ltr'>vitae</span> <span class='ocrx_word' id='word_1_127' title='bbox 1218 1838 1400 1893; x_wconf 89' lang='lat' dir='ltr'>meae,</span> <span class='ocrx_word' id='word_1_128' title='bbox 1432 1815 1737 1897; x_wconf 84' lang='lat' dir='ltr'>grandem</span> <span class='ocrx_word' id='word_1_129' title='bbox 1778 1836 1895 1899; x_wconf 90' lang='lat' dir='ltr'>per</span> <span class='ocrx_word' id='word_1_130' title='bbox 1932 1814 2189 1877; x_wconf 83' lang='lat' dir='ltr'>infinita</span> <span class='ocrx_word' id='word_1_131' title='bbox 2231 1813 2443 1898; x_wconf 82' lang='lat' dir='ltr'>spatia</span> <span class='ocrx_word' id='word_1_132' title='bbox 2468 1811 2757 1896; x_wconf 89' lang='lat' dir='ltr'>undique</span> 
     </span>
     <span class='ocr_line' id='line_1_18' title="bbox 548 1915 2757 1998; baseline -0.002 -18"><span class='ocrx_word' id='word_1_133' title='bbox 548 1917 908 1997; x_wconf 83' lang='lat' dir='ltr'>cogitabam</span> <span class='ocrx_word' id='word_1_134' title='bbox 944 1925 1274 1998; x_wconf 89' lang='lat' dir='ltr'>penetrare</span> <span class='ocrx_word' id='word_1_135' title='bbox 1313 1925 1512 1980; x_wconf 86' lang='lat' dir='ltr'>totam</span> <span class='ocrx_word' id='word_1_136' title='bbox 1550 1915 1776 1978; x_wconf 90' lang='lat' dir='ltr'>mundi</span> <span class='ocrx_word' id='word_1_137' title='bbox 1814 1916 2070 1994; x_wconf 90' lang='lat' dir='ltr'>molem,</span> <span class='ocrx_word' id='word_1_138' title='bbox 2099 1924 2166 1978; x_wconf 87' lang='lat' dir='ltr'>et</span> <span class='ocrx_word' id='word_1_139' title='bbox 2194 1922 2377 1978; x_wconf 84' lang='lat' dir='ltr'>extra</span> <span class='ocrx_word' id='word_1_140' title='bbox 2416 1936 2556 1977; x_wconf 88' lang='lat' dir='ltr'>eam</span> <span class='ocrx_word' id='word_1_141' title='bbox 2598 1934 2757 1997; x_wconf 87' lang='lat' dir='ltr'>qua·</span> 
     </span>
     <span class='ocr_line' id='line_1_19' title="bbox 545 2016 2757 2100; baseline -0.001 -21"><span class='ocrx_word' id='word_1_142' title='bbox 545 2038 924 2100; x_wconf 87' lang='lat' dir='ltr'>quaversum</span> <span class='ocrx_word' id='word_1_143' title='bbox 965 2038 1084 2099; x_wconf 91' lang='lat' dir='ltr'>per</span> <span class='ocrx_word' id='word_1_144' title='bbox 1124 2018 1498 2080; x_wconf 88' lang='lat' dir='ltr'>immensam</span> <span class='ocrx_word' id='word_1_145' title='bbox 1546 2017 1685 2081; x_wconf 91' lang='lat' dir='ltr'>sine</span> <span class='ocrx_word' id='word_1_146' title='bbox 1721 2017 2031 2094; x_wconf 81' lang='lat' dir='ltr'>termin03</span> <span class='ocrx_word' id='word_1_147' title='bbox 2082 2026 2155 2080; x_wconf 92' lang='lat' dir='ltr'>ut</span> <span class='ocrx_word' id='word_1_148' title='bbox 2184 2016 2451 2080; x_wconf 87' lang='lat' dir='ltr'>haberet</span> <span class='ocrx_word' id='word_1_149' title='bbox 2476 2023 2543 2078; x_wconf 89' lang='lat' dir='ltr'>te</span> <span class='ocrx_word' id='word_1_150' title='bbox 2570 2022 2757 2090; x_wconf 87' lang='lat' dir='ltr'>terra,</span> 
     </span>
     <span class='ocr_line' id='line_1_20' title="bbox 545 2117 2757 2196; baseline -0 -17"><span class='ocrx_word' id='word_1_151' title='bbox 545 2118 808 2180; x_wconf 89' lang='lat' dir='ltr'>haberet</span> <span class='ocrx_word' id='word_1_152' title='bbox 855 2118 1112 2196; x_wconf 89' lang='lat' dir='ltr'>coelum,</span> <span class='ocrx_word' id='word_1_153' title='bbox 1157 2119 1469 2182; x_wconf 90' lang='lat' dir='ltr'>haberent</span> <span class='ocrx_word' id='word_1_154' title='bbox 1511 2118 1746 2196; x_wconf 89' lang='lat' dir='ltr'>omnia,</span> <span class='ocrx_word' id='word_1_155' title='bbox 1792 2128 1857 2182; x_wconf 86' lang='lat' dir='ltr'>et</span> <span class='ocrx_word' id='word_1_156' title='bbox 1897 2118 2011 2182; x_wconf 91' lang='lat' dir='ltr'>illa</span> <span class='ocrx_word' id='word_1_157' title='bbox 2052 2117 2384 2181; x_wconf 88' lang='lat' dir='ltr'>finirentur</span> <span class='ocrx_word' id='word_1_158' title='bbox 2428 2117 2498 2179; x_wconf 91' lang='lat' dir='ltr'>in</span> <span class='ocrx_word' id='word_1_159' title='bbox 2548 2124 2637 2193; x_wconf 90' lang='lat' dir='ltr'>te,</span> <span class='ocrx_word' id='word_1_160' title='bbox 2680 2125 2757 2179; x_wconf 89' lang='lat' dir='ltr'>tu</span> 
     </span>
     <span class='ocr_line' id='line_1_21' title="bbox 547 2219 2757 2304; baseline 0 -23"><span class='ocrx_word' id='word_1_161' title='bbox 547 2228 757 2282; x_wconf 88' lang='lat' dir='ltr'>autem</span> <span class='ocrx_word' id='word_1_162' title='bbox 793 2240 1132 2304; x_wconf 85' lang='lat' dir='ltr'>nusquam.</span> <span class='ocrx_word' id='word_1_163' title='bbox 1224 2221 1412 2284; x_wconf 91' lang='lat' dir='ltr'>Sicut</span> <span class='ocrx_word' id='word_1_164' title='bbox 1446 2228 1661 2284; x_wconf 89' lang='lat' dir='ltr'>autem</span> <span class='ocrx_word' id='word_1_165' title='bbox 1698 2221 1831 2284; x_wconf 91' lang='lat' dir='ltr'>luci</span> <span class='ocrx_word' id='word_1_166' title='bbox 1870 2219 2024 2283; x_wconf 88' lang='lat' dir='ltr'>solis</span> <span class='ocrx_word' id='word_1_167' title='bbox 2062 2241 2193 2282; x_wconf 91' lang='lat' dir='ltr'>non</span> <span class='ocrx_word' id='word_1_168' title='bbox 2236 2220 2575 2282; x_wconf 87' lang='lat' dir='ltr'>obsisteret</span> <span class='ocrx_word' id='word_1_169' title='bbox 2616 2239 2757 2282; x_wconf 91' lang='lat' dir='ltr'>cor-</span> 
     </span>
     <span class='ocr_line' id='line_1_22' title="bbox 545 2320 2757 2406; baseline -0.001 -22"><span class='ocrx_word' id='word_1_170' title='bbox 545 2343 691 2405; x_wconf 77' lang='lat' dir='ltr'>puS,</span> <span class='ocrx_word' id='word_1_171' title='bbox 742 2323 906 2385; x_wconf 83' lang='lat' dir='ltr'>aeris</span> <span class='ocrx_word' id='word_1_172' title='bbox 956 2321 1151 2406; x_wconf 89' lang='lat' dir='ltr'>hujus</span> <span class='ocrx_word' id='word_1_173' title='bbox 1204 2322 1317 2406; x_wconf 90' lang='lat' dir='ltr'>qui</span> <span class='ocrx_word' id='word_1_174' title='bbox 1368 2342 1563 2405; x_wconf 89' lang='lat' dir='ltr'>supra</span> <span class='ocrx_word' id='word_1_175' title='bbox 1610 2329 1840 2385; x_wconf 89' lang='lat' dir='ltr'>terram</span> <span class='ocrx_word' id='word_1_176' title='bbox 1890 2331 2009 2400; x_wconf 89' lang='lat' dir='ltr'>est,</span> <span class='ocrx_word' id='word_1_177' title='bbox 2056 2320 2400 2404; x_wconf 89' lang='lat' dir='ltr'>quominus</span> <span class='ocrx_word' id='word_1_178' title='bbox 2444 2341 2561 2403; x_wconf 91' lang='lat' dir='ltr'>per</span> <span class='ocrx_word' id='word_1_179' title='bbox 2609 2341 2757 2383; x_wconf 87' lang='lat' dir='ltr'>eum</span> 
     </span>
     <span class='ocr_line' id='line_1_23' title="bbox 545 2421 2755 2505; baseline 0 -20"><span class='ocrx_word' id='word_1_180' title='bbox 545 2421 936 2505; x_wconf 87' lang='lat' dir='ltr'>trajiceretur</span> <span class='ocrx_word' id='word_1_181' title='bbox 973 2429 1317 2505; x_wconf 89' lang='lat' dir='ltr'>penetrans</span> <span class='ocrx_word' id='word_1_182' title='bbox 1354 2443 1525 2501; x_wconf 85' lang='lat' dir='ltr'>eum,</span> <span class='ocrx_word' id='word_1_183' title='bbox 1553 2443 1684 2483; x_wconf 91' lang='lat' dir='ltr'>non</span> <span class='ocrx_word' id='word_1_184' title='bbox 1716 2421 2138 2505; x_wconf 87' lang='lat' dir='ltr'>dirumpendo</span> <span class='ocrx_word' id='word_1_185' title='bbox 2180 2429 2291 2485; x_wconf 90' lang='lat' dir='ltr'>aut</span> <span class='ocrx_word' id='word_1_186' title='bbox 2330 2421 2755 2500; x_wconf 81' lang='lat' dir='ltr'>concidendO,</span> 
     </span>
     <span class='ocr_line' id='line_1_24' title="bbox 547 2521 2760 2606; baseline 0 -20"><span class='ocrx_word' id='word_1_187' title='bbox 547 2521 661 2586; x_wconf 88' lang='lat' dir='ltr'>sed</span> <span class='ocrx_word' id='word_1_188' title='bbox 689 2521 1016 2605; x_wconf 89' lang='lat' dir='ltr'>implendo</span> <span class='ocrx_word' id='word_1_189' title='bbox 1056 2544 1202 2585; x_wconf 90' lang='lat' dir='ltr'>eum</span> <span class='ocrx_word' id='word_1_190' title='bbox 1238 2531 1481 2587; x_wconf 88' lang='lat' dir='ltr'>totum:</span> <span class='ocrx_word' id='word_1_191' title='bbox 1532 2523 1624 2587; x_wconf 88' lang='lat' dir='ltr'>sic</span> <span class='ocrx_word' id='word_1_192' title='bbox 1668 2524 1791 2586; x_wconf 91' lang='lat' dir='ltr'>tibi</span> <span class='ocrx_word' id='word_1_193' title='bbox 1822 2525 2132 2606; x_wconf 88' lang='lat' dir='ltr'>putabam</span> <span class='ocrx_word' id='word_1_194' title='bbox 2173 2545 2307 2586; x_wconf 89' lang='lat' dir='ltr'>non</span> <span class='ocrx_word' id='word_1_195' title='bbox 2354 2523 2560 2587; x_wconf 88' lang='lat' dir='ltr'>solum</span> <span class='ocrx_word' id='word_1_196' title='bbox 2605 2524 2760 2587; x_wconf 86' lang='lat' dir='ltr'>coeli</span> 
     </span>
     <span class='ocr_line' id='line_1_25' title="bbox 545 2623 2759 2707; baseline 0 -21"><span class='ocrx_word' id='word_1_197' title='bbox 545 2632 611 2686; x_wconf 91' lang='lat' dir='ltr'>et</span> <span class='ocrx_word' id='word_1_198' title='bbox 636 2624 798 2687; x_wconf 89' lang='lat' dir='ltr'>aeris</span> <span class='ocrx_word' id='word_1_199' title='bbox 827 2632 892 2687; x_wconf 90' lang='lat' dir='ltr'>et</span> <span class='ocrx_word' id='word_1_200' title='bbox 917 2624 1133 2700; x_wconf 86' lang='lat' dir='ltr'>maris,</span> <span class='ocrx_word' id='word_1_201' title='bbox 1163 2623 1279 2688; x_wconf 89' lang='lat' dir='ltr'>sed</span> <span class='ocrx_word' id='word_1_202' title='bbox 1308 2625 1500 2689; x_wconf 82' lang='lat' dir='ltr'>etiam</span> <span class='ocrx_word' id='word_1_203' title='bbox 1530 2632 1709 2687; x_wconf 85' lang='lat' dir='ltr'>terrae</span> <span class='ocrx_word' id='word_1_204' title='bbox 1740 2645 1975 2707; x_wconf 90' lang='lat' dir='ltr'>corpus</span> <span class='ocrx_word' id='word_1_205' title='bbox 2002 2624 2313 2707; x_wconf 85' lang='lat' dir='ltr'>pervium,</span> <span class='ocrx_word' id='word_1_206' title='bbox 2344 2632 2410 2687; x_wconf 91' lang='lat' dir='ltr'>et</span> <span class='ocrx_word' id='word_1_207' title='bbox 2436 2646 2520 2689; x_wconf 85' lang='lat' dir='ltr'>ex</span> <span class='ocrx_word' id='word_1_208' title='bbox 2552 2625 2759 2687; x_wconf 88' lang='lat' dir='ltr'>omni-</span> 
     </span>
     <span class='ocr_line' id='line_1_26' title="bbox 545 2726 2762 2812; baseline 0.001 -24"><span class='ocrx_word' id='word_1_209' title='bbox 545 2727 670 2788; x_wconf 91' lang='lat' dir='ltr'>bus</span> <span class='ocrx_word' id='word_1_210' title='bbox 712 2726 1014 2789; x_wconf 84' lang='lat' dir='ltr'>maximis</span> <span class='ocrx_word' id='word_1_211' title='bbox 1056 2727 1468 2812; x_wconf 90' lang='lat' dir='ltr'>minimisque</span> <span class='ocrx_word' id='word_1_212' title='bbox 1509 2728 1801 2810; x_wconf 89' lang='lat' dir='ltr'>partibus</span> <span class='ocrx_word' id='word_1_213' title='bbox 1836 2727 2230 2810; x_wconf 88' lang='lat' dir='ltr'>penetrabile</span> <span class='ocrx_word' id='word_1_214' title='bbox 2260 2726 2344 2790; x_wconf 91' lang='lat' dir='ltr'>ad</span> <span class='ocrx_word' id='word_1_215' title='bbox 2378 2728 2762 2812; x_wconf 88' lang='lat' dir='ltr'>capiendam</span> 
     </span>
     <span class='ocr_line' id='line_1_27' title="bbox 547 2827 2760 2913; baseline 0.001 -25"><span class='ocrx_word' id='word_1_216' title='bbox 547 2827 951 2909; x_wconf 66' lang='lat' dir='ltr'>praesentiam</span> <span class='ocrx_word' id='word_1_217' title='bbox 979 2837 1175 2907; x_wconf 84' lang='lat' dir='ltr'>tuam,</span> <span class='ocrx_word' id='word_1_218' title='bbox 1203 2829 1458 2892; x_wconf 83' lang='lat' dir='ltr'>occulta</span> <span class='ocrx_word' id='word_1_219' title='bbox 1484 2828 1904 2913; x_wconf 89' lang='lat' dir='ltr'>inspiratione</span> <span class='ocrx_word' id='word_1_220' title='bbox 1943 2827 2327 2891; x_wconf 88' lang='lat' dir='ltr'>intrinsecus</span> <span class='ocrx_word' id='word_1_221' title='bbox 2356 2837 2421 2891; x_wconf 91' lang='lat' dir='ltr'>et</span> <span class='ocrx_word' id='word_1_222' title='bbox 2446 2828 2760 2891; x_wconf 88' lang='lat' dir='ltr'>extrinse-</span> 
     </span>
     <span class='ocr_line' id='line_1_28' title="bbox 549 2927 2764 3013; baseline 0.001 -23"><span class='ocrx_word' id='word_1_223' title='bbox 549 2948 665 2990; x_wconf 89' lang='lat' dir='ltr'>cus</span> <span class='ocrx_word' id='word_1_224' title='bbox 695 2927 1243 3009; x_wconf 77' lang='lat' dir='ltr'>administrantem</span> <span class='ocrx_word' id='word_1_225' title='bbox 1275 2928 1491 2992; x_wconf 90' lang='lat' dir='ltr'>omnia</span> <span class='ocrx_word' id='word_1_226' title='bbox 1530 2951 1674 3013; x_wconf 84' lang='lat' dir='ltr'>quae</span> <span class='ocrx_word' id='word_1_227' title='bbox 1713 2928 1959 2992; x_wconf 86' lang='lat' dir='ltr'>creasti.</span> <span class='ocrx_word' id='word_1_228' title='bbox 2048 2929 2152 2991; x_wconf 90' lang='lat' dir='ltr'>Ita</span> <span class='ocrx_word' id='word_1_229' title='bbox 2180 2928 2574 3011; x_wconf 87' lang='lat' dir='ltr'>suspicabar,</span> <span class='ocrx_word' id='word_1_230' title='bbox 2603 2930 2764 3013; x_wconf 87' lang='lat' dir='ltr'>quia</span> 
     </span>
     <span class='ocr_line' id='line_1_29' title="bbox 549 3029 2785 3113; baseline 0 -21"><span class='ocrx_word' id='word_1_231' title='bbox 549 3030 828 3111; x_wconf 83' lang='lat' dir='ltr'>cogitare</span> <span class='ocrx_word' id='word_1_232' title='bbox 887 3030 1065 3094; x_wconf 87' lang='lat' dir='ltr'>aliud</span> <span class='ocrx_word' id='word_1_233' title='bbox 1120 3052 1250 3093; x_wconf 91' lang='lat' dir='ltr'>non</span> <span class='ocrx_word' id='word_1_234' title='bbox 1308 3040 1639 3113; x_wconf 84' lang='lat' dir='ltr'>poteram3</span> <span class='ocrx_word' id='word_1_235' title='bbox 1698 3051 1847 3092; x_wconf 88' lang='lat' dir='ltr'>nam</span> <span class='ocrx_word' id='word_1_236' title='bbox 1894 3029 2126 3093; x_wconf 82' lang='lat' dir='ltr'>falsum</span> <span class='ocrx_word' id='word_1_237' title='bbox 2176 3038 2326 3093; x_wconf 86' lang='lat' dir='ltr'>erat.</span> <span class='ocrx_word' id='word_1_238' title='bbox 2415 3031 2538 3094; x_wconf 93' lang='lat' dir='ltr'>Illo</span> <span class='ocrx_word' id='word_1_239' title='bbox 2586 3031 2785 3093; x_wconf 81' lang='lat' dir='ltr'>enim·</span> 
     </span>
     <span class='ocr_line' id='line_1_30' title="bbox 549 3131 2768 3216; baseline 0.001 -23"><span class='ocrx_word' id='word_1_240' title='bbox 549 3131 741 3195; x_wconf 90' lang='lat' dir='ltr'>modo</span> <span class='ocrx_word' id='word_1_241' title='bbox 801 3132 924 3216; x_wconf 88' lang='lat' dir='ltr'>maj</span> <span class='ocrx_word' id='word_1_242' title='bbox 933 3154 1006 3195; x_wconf 91' lang='lat' dir='ltr'>or</span> <span class='ocrx_word' id='word_1_243' title='bbox 1059 3153 1210 3215; x_wconf 84' lang='lat' dir='ltr'>pars</span> <span class='ocrx_word' id='word_1_244' title='bbox 1266 3140 1446 3195; x_wconf 81' lang='lat' dir='ltr'>terrae</span> <span class='ocrx_word' id='word_1_245' title='bbox 1501 3131 1627 3216; x_wconf 91' lang='lat' dir='ltr'>maj</span> <span class='ocrx_word' id='word_1_246' title='bbox 1635 3153 1807 3194; x_wconf 89' lang='lat' dir='ltr'>orem</span> <span class='ocrx_word' id='word_1_247' title='bbox 1862 3131 1960 3195; x_wconf 92' lang='lat' dir='ltr'>tui</span> <span class='ocrx_word' id='word_1_248' title='bbox 2037 3139 2283 3213; x_wconf 87' lang='lat' dir='ltr'>partem</span> <span class='ocrx_word' id='word_1_249' title='bbox 2351 3132 2636 3209; x_wconf 88' lang='lat' dir='ltr'>haberet,</span> <span class='ocrx_word' id='word_1_250' title='bbox 2696 3141 2768 3196; x_wconf 90' lang='lat' dir='ltr'>et</span> 
     </span>
     <span class='ocr_line' id='line_1_31' title="bbox 550 3233 2768 3317; baseline 0.002 -24"><span class='ocrx_word' id='word_1_251' title='bbox 550 3233 859 3295; x_wconf 91' lang='lat' dir='ltr'>minorem</span> <span class='ocrx_word' id='word_1_252' title='bbox 887 3233 1127 3296; x_wconf 87' lang='lat' dir='ltr'>minor:</span> <span class='ocrx_word' id='word_1_253' title='bbox 1176 3240 1368 3317; x_wconf 90' lang='lat' dir='ltr'>atque</span> <span class='ocrx_word' id='word_1_254' title='bbox 1405 3234 1499 3296; x_wconf 90' lang='lat' dir='ltr'>ita</span> <span class='ocrx_word' id='word_1_255' title='bbox 1535 3241 1599 3296; x_wconf 97' lang='lat' dir='ltr'>te</span> <span class='ocrx_word' id='word_1_256' title='bbox 1636 3234 1831 3317; x_wconf 87' lang='lat' dir='ltr'>plena</span> <span class='ocrx_word' id='word_1_257' title='bbox 1867 3240 2082 3296; x_wconf 91' lang='lat' dir='ltr'>essent</span> <span class='ocrx_word' id='word_1_258' title='bbox 2117 3233 2352 3310; x_wconf 90' lang='lat' dir='ltr'>omnia,</span> <span class='ocrx_word' id='word_1_259' title='bbox 2381 3240 2455 3295; x_wconf 91' lang='lat' dir='ltr'>ut</span> <span class='ocrx_word' id='word_1_260' title='bbox 2482 3234 2768 3317; x_wconf 88' lang='lat' dir='ltr'>amplius</span> 
     </span>
     <span class='ocr_line' id='line_1_32' title="bbox 552 3332 2766 3418; baseline 0.002 -24"><span class='ocrx_word' id='word_1_261' title='bbox 552 3332 646 3394; x_wconf 90' lang='lat' dir='ltr'>tui</span> <span class='ocrx_word' id='word_1_262' title='bbox 692 3340 948 3414; x_wconf 90' lang='lat' dir='ltr'>caperet</span> <span class='ocrx_word' id='word_1_263' title='bbox 991 3332 1316 3416; x_wconf 90' lang='lat' dir='ltr'>elephanti</span> <span class='ocrx_word' id='word_1_264' title='bbox 1367 3355 1601 3417; x_wconf 90' lang='lat' dir='ltr'>corpus</span> <span class='ocrx_word' id='word_1_265' title='bbox 1646 3355 1839 3418; x_wconf 86' lang='lat' dir='ltr'>quam</span> <span class='ocrx_word' id='word_1_266' title='bbox 1882 3334 2183 3417; x_wconf 89' lang='lat' dir='ltr'>passeris,</span> <span class='ocrx_word' id='word_1_267' title='bbox 2233 3356 2364 3418; x_wconf 90' lang='lat' dir='ltr'>quo</span> <span class='ocrx_word' id='word_1_268' title='bbox 2415 3344 2586 3397; x_wconf 90' lang='lat' dir='ltr'>esset</span> <span class='ocrx_word' id='word_1_269' title='bbox 2631 3336 2766 3398; x_wconf 92' lang='lat' dir='ltr'>isto</span> 
     </span>
     <span class='ocr_line' id='line_1_33' title="bbox 555 3431 2767 3518; baseline 0.002 -24"><span class='ocrx_word' id='word_1_270' title='bbox 555 3431 883 3512; x_wconf 82' lang='lat' dir='ltr'>grandius,</span> <span class='ocrx_word' id='word_1_271' title='bbox 903 3432 1430 3517; x_wconf 89' lang='lat' dir='ltr'>grandioremque</span> <span class='ocrx_word' id='word_1_272' title='bbox 1453 3443 1799 3518; x_wconf 85' lang='lat' dir='ltr'>occuparet</span> <span class='ocrx_word' id='word_1_273' title='bbox 1821 3436 2068 3511; x_wconf 83' lang='lat' dir='ltr'>locum3</span> <span class='ocrx_word' id='word_1_274' title='bbox 2104 3441 2299 3518; x_wconf 89' lang='lat' dir='ltr'>atque</span> <span class='ocrx_word' id='word_1_275' title='bbox 2326 3435 2420 3497; x_wconf 84' lang='lat' dir='ltr'>ita</span> <span class='ocrx_word' id='word_1_276' title='bbox 2444 3436 2767 3499; x_wconf 84' lang='lat' dir='ltr'>fiustatim</span> 
     </span>
     <span class='ocr_line' id='line_1_34' title="bbox 549 3532 2767 3620; baseline 0.004 -26"><span class='ocrx_word' id='word_1_277' title='bbox 549 3532 841 3615; x_wconf 89' lang='lat' dir='ltr'>partibus</span> <span class='ocrx_word' id='word_1_278' title='bbox 882 3533 1124 3611; x_wconf 88' lang='lat' dir='ltr'>mundi,</span> <span class='ocrx_word' id='word_1_279' title='bbox 1154 3536 1404 3615; x_wconf 88' lang='lat' dir='ltr'>magnis</span> <span class='ocrx_word' id='word_1_280' title='bbox 1443 3557 1733 3617; x_wconf 89' lang='lat' dir='ltr'>magnas,</span> <span class='ocrx_word' id='word_1_281' title='bbox 1757 3536 2061 3599; x_wconf 85' lang='lat' dir='ltr'>brevibus</span> <span class='ocrx_word' id='word_1_282' title='bbox 2100 3538 2326 3599; x_wconf 86' lang='lat' dir='ltr'>breves</span> <span class='ocrx_word' id='word_1_283' title='bbox 2360 3546 2574 3620; x_wconf 81' lang='lat' dir='ltr'>partes</span> <span class='ocrx_word' id='word_1_284' title='bbox 2617 3547 2767 3602; x_wconf 88' lang='lat' dir='ltr'>tuas</span> 
     </span>
     <span class='ocr_line' id='line_1_35' title="bbox 549 3633 2765 3716; baseline 0.004 -23"><span class='ocrx_word' id='word_1_285' title='bbox 549 3641 896 3716; x_wconf 64' lang='lat' dir='ltr'>praesentes</span> <span class='ocrx_word' id='word_1_286' title='bbox 933 3633 1191 3698; x_wconf 85' lang='lat' dir='ltr'>faceres.</span> <span class='ocrx_word' id='word_1_287' title='bbox 1281 3637 1434 3698; x_wconf 91' lang='lat' dir='ltr'>Non</span> <span class='ocrx_word' id='word_1_288' title='bbox 1474 3657 1545 3699; x_wconf 90' lang='lat' dir='ltr'>es</span> <span class='ocrx_word' id='word_1_289' title='bbox 1582 3646 1792 3700; x_wconf 89' lang='lat' dir='ltr'>autem</span> <span class='ocrx_word' id='word_1_290' title='bbox 1828 3635 1937 3700; x_wconf 89' lang='lat' dir='ltr'>ita.</span> <span class='ocrx_word' id='word_1_291' title='bbox 2028 3634 2159 3699; x_wconf 91' lang='lat' dir='ltr'>Sed</span> <span class='ocrx_word' id='word_1_292' title='bbox 2197 3636 2485 3700; x_wconf 88' lang='lat' dir='ltr'>nondum</span> <span class='ocrx_word' id='word_1_293' title='bbox 2523 3638 2765 3701; x_wconf 90' lang='lat' dir='ltr'>illumi-</span> 
     </span>
     <span class='ocr_line' id='line_1_36' title="bbox 551 3736 1368 3839; baseline 0.006 -44"><span class='ocrx_word' id='word_1_294' title='bbox 551 3755 818 3797; x_wconf 86' lang='lat' dir='ltr'>naveras</span> <span class='ocrx_word' id='word_1_295' title='bbox 847 3736 1140 3798; x_wconf 85' lang='lat' dir='ltr'>tenebras</span> <span class='ocrx_word' id='word_1_296' title='bbox 1167 3757 1368 3839; x_wconf 59' lang='lat' dir='ltr'>meas3</span> 
     </span>
    </p>
   </div>
   <div class='ocr_carea' id='block_1_5' title="bbox 645 3836 2767 3923">
    <p class='ocr_par' dir='ltr' id='par_1_6' title="bbox 645 3836 2767 3923">
     <span class='ocr_line' id='line_1_37' title="bbox 645 3836 2767 3923; baseline 0.003 -25"><span class='ocrx_word' id='word_1_297' title='bbox 645 3840 705 3898; x_wconf 84' lang='lat'>3.</span> <span class='ocrx_word' id='word_1_298' title='bbox 753 3836 869 3899; x_wconf 88' lang='lat' dir='ltr'>Sat</span> <span class='ocrx_word' id='word_1_299' title='bbox 915 3844 1049 3900; x_wconf 89' lang='lat' dir='ltr'>erat</span> <span class='ocrx_word' id='word_1_300' title='bbox 1097 3837 1268 3899; x_wconf 90' lang='lat' dir='ltr'>enim</span> <span class='ocrx_word' id='word_1_301' title='bbox 1325 3837 1508 3919; x_wconf 89' lang='lat' dir='ltr'>mihi,</span> <span class='ocrx_word' id='word_1_302' title='bbox 1558 3838 1859 3915; x_wconf 90' lang='lat' dir='ltr'>Domine,</span> <span class='ocrx_word' id='word_1_303' title='bbox 1908 3838 2212 3903; x_wconf 84' lang='lat' dir='ltr'>adversus</span> <span class='ocrx_word' id='word_1_304' title='bbox 2255 3839 2403 3905; x_wconf 85' lang='lat' dir='ltr'>illos</span> <span class='ocrx_word' id='word_1_305' title='bbox 2456 3839 2767 3923; x_wconf 90' lang='lat' dir='ltr'>deceptos</span> 
     </span>
    </p>
   </div>
   <div class='ocr_carea' id='block_1_6' title="bbox 316 3936 2770 4027">
    <p class='ocr_par' dir='ltr' id='par_1_7' title="bbox 316 3936 2770 4027">
     <span class='ocr_line' id='line_1_38' title="bbox 316 3936 2770 4027; baseline 0.002 -28"><span class='ocrx_word' id='word_1_306' title='bbox 316 3971 415 4011; x_wconf 73' lang='lat' dir='ltr'>tum</span> <span class='ocrx_word' id='word_1_307' title='bbox 436 3978 530 4027; x_wconf 86' lang='lat' dir='ltr'>quo</span> <span class='ocrx_word' id='word_1_308' title='bbox 559 3936 950 4020; x_wconf 87' lang='lat' dir='ltr'>deceptores,</span> <span class='ocrx_word' id='word_1_309' title='bbox 981 3946 1047 4001; x_wconf 91' lang='lat' dir='ltr'>et</span> <span class='ocrx_word' id='word_1_310' title='bbox 1071 3940 1379 4024; x_wconf 88' lang='lat' dir='ltr'>loquaces</span> <span class='ocrx_word' id='word_1_311' title='bbox 1407 3936 1683 4018; x_wconf 69' lang='lat' dir='ltr'>mutos&#39;,</span> <span class='ocrx_word' id='word_1_312' title='bbox 1712 3940 2017 4024; x_wconf 88' lang='lat' dir='ltr'>quoniam</span> <span class='ocrx_word' id='word_1_313' title='bbox 2061 3963 2193 4005; x_wconf 91' lang='lat' dir='ltr'>non</span> <span class='ocrx_word' id='word_1_314' title='bbox 2236 3963 2321 4005; x_wconf 84' lang='lat' dir='ltr'>ex</span> <span class='ocrx_word' id='word_1_315' title='bbox 2360 3942 2454 4005; x_wconf 91' lang='lat' dir='ltr'>eis</span> <span class='ocrx_word' id='word_1_316' title='bbox 2494 3944 2770 4006; x_wconf 89' lang='lat' dir='ltr'>sonabat</span> 
     </span>
    </p>
   </div>
   <div class='ocr_carea' id='block_1_7' title="bbox 314 4028 543 4142">
    <p class='ocr_par' dir='ltr' id='par_1_8' title="bbox 314 4028 543 4142">
     <span class='ocr_line' id='line_1_39' title="bbox 317 4028 492 4076; baseline 0 -1"><span class='ocrx_word' id='word_1_317' title='bbox 317 4028 492 4076; x_wconf 84' lang='lat' dir='ltr'>Nebri-</span> 
     </span>
     <span class='ocr_line' id='line_1_40' title="bbox 314 4091 543 4142; baseline -0.017 0"><span class='ocrx_word' id='word_1_318' title='bbox 314 4091 421 4142; x_wconf 77' lang='lat' dir='ltr'>dius</span> <span class='ocrx_word' id='word_1_319' title='bbox 434 4108 543 4140; x_wconf 87' lang='lat' dir='ltr'>con-</span> 
     </span>
    </p>
   </div>
   <div class='ocr_carea' id='block_1_8' title="bbox 557 4039 2766 4127">
    <p class='ocr_par' dir='ltr' id='par_1_9' title="bbox 557 4039 2766 4127">
     <span class='ocr_line' id='line_1_41' title="bbox 557 4039 2766 4127; baseline 0.003 -27"><span class='ocrx_word' id='word_1_320' title='bbox 557 4039 820 4101; x_wconf 88' lang='lat' dir='ltr'>verbum</span> <span class='ocrx_word' id='word_1_321' title='bbox 866 4047 1076 4102; x_wconf 86' lang='lat' dir='ltr'>tuum:</span> <span class='ocrx_word' id='word_1_322' title='bbox 1141 4047 1242 4102; x_wconf 89' lang='lat' dir='ltr'>sat</span> <span class='ocrx_word' id='word_1_323' title='bbox 1284 4054 1420 4104; x_wconf 89' lang='lat' dir='ltr'>erat</span> <span class='ocrx_word' id='word_1_324' title='bbox 1466 4062 1619 4121; x_wconf 89' lang='lat' dir='ltr'>ergo</span> <span class='ocrx_word' id='word_1_325' title='bbox 1669 4041 1834 4103; x_wconf 92' lang='lat' dir='ltr'>illud</span> <span class='ocrx_word' id='word_1_326' title='bbox 1895 4042 2070 4125; x_wconf 91' lang='lat' dir='ltr'>quod</span> <span class='ocrx_word' id='word_1_327' title='bbox 2116 4042 2369 4126; x_wconf 82' lang='lat' dir='ltr'>jamdiu</span> <span class='ocrx_word' id='word_1_328' title='bbox 2419 4044 2501 4106; x_wconf 89' lang='lat' dir='ltr'>ab</span> <span class='ocrx_word' id='word_1_329' title='bbox 2553 4065 2766 4127; x_wconf 91' lang='lat' dir='ltr'>usque</span> 
     </span>
    </p>
   </div>
   <div class='ocr_carea' id='block_1_9' title="bbox 315 4138 2766 4227">
    <p class='ocr_par' dir='ltr' id='par_1_10' title="bbox 315 4138 2766 4227">
     <span class='ocr_line' id='line_1_42' title="bbox 315 4138 2766 4227; baseline 0.001 -22"><span class='ocrx_word' id='word_1_330' title='bbox 315 4156 494 4205; x_wconf 71' lang='lat' dir='ltr'>futarat</span> <span class='ocrx_word' id='word_1_331' title='bbox 561 4138 949 4220; x_wconf 83' lang='lat' dir='ltr'>Carthagine</span> <span class='ocrx_word' id='word_1_332' title='bbox 997 4162 1037 4203; x_wconf 88' lang='lat' dir='ltr'>a</span> <span class='ocrx_word' id='word_1_333' title='bbox 1083 4140 1396 4205; x_wconf 90' lang='lat' dir='ltr'>Nebridio</span> <span class='ocrx_word' id='word_1_334' title='bbox 1438 4142 1713 4224; x_wconf 90' lang='lat' dir='ltr'>proponi</span> <span class='ocrx_word' id='word_1_335' title='bbox 1750 4143 2016 4220; x_wconf 87' lang='lat' dir='ltr'>solebat,</span> <span class='ocrx_word' id='word_1_336' title='bbox 2058 4150 2124 4206; x_wconf 91' lang='lat' dir='ltr'>et</span> <span class='ocrx_word' id='word_1_337' title='bbox 2166 4165 2386 4207; x_wconf 90' lang='lat' dir='ltr'>omnes</span> <span class='ocrx_word' id='word_1_338' title='bbox 2427 4144 2539 4227; x_wconf 88' lang='lat' dir='ltr'>qui</span> <span class='ocrx_word' id='word_1_339' title='bbox 2579 4144 2766 4208; x_wconf 88' lang='lat' dir='ltr'>audi-</span> 
     </span>
    </p>
   </div>
   <div class='ocr_carea' id='block_1_10' title="bbox 315 4221 485 4334">
    <p class='ocr_par' dir='ltr' id='par_1_11' title="bbox 315 4221 485 4334">
     <span class='ocr_line' id='line_1_43' title="bbox 316 4221 478 4269; baseline 0 0"><span class='ocrx_word' id='word_1_340' title='bbox 316 4221 478 4269; x_wconf 76' lang='lat' dir='ltr'>Mani·</span> 
     </span>
     <span class='ocr_line' id='line_1_44' title="bbox 315 4285 485 4334; baseline -0.012 0"><span class='ocrx_word' id='word_1_341' title='bbox 315 4285 485 4334; x_wconf 76' lang='lat' dir='ltr'>chaeos.</span> 
     </span>
    </p>
   </div>
   <div class='ocr_carea' id='block_1_11' title="bbox 555 4398 2767 4530">
    <p class='ocr_par' dir='ltr' id='par_1_12' title="bbox 555 4398 2767 4530">
     <span class='ocr_line' id='line_1_45' title="bbox 621 4398 2767 4470; baseline 0.004 -24"><span class='ocrx_word' id='word_1_342' title='bbox 621 4401 647 4470; x_wconf 59' lang='lat'>,⁸</span> <span class='ocrx_word' id='word_1_343' title='bbox 681 4400 792 4456; x_wconf 89' lang='lat' dir='ltr'>Quo</span> <span class='ocrx_word' id='word_1_344' title='bbox 830 4398 1070 4449; x_wconf 77' lang='lat' dir='ltr'>intellectu</span> <span class='ocrx_word' id='word_1_345' title='bbox 1103 4401 1261 4449; x_wconf 86' lang='lat' dir='ltr'>Deum</span> <span class='ocrx_word' id='word_1_346' title='bbox 1301 4400 1427 4466; x_wconf 80' lang='lat' dir='ltr'>capit</span> <span class='ocrx_word' id='word_1_347' title='bbox 1463 4400 1623 4459; x_wconf 86' lang='lat' dir='ltr'>homo,</span> <span class='ocrx_word' id='word_1_348' title='bbox 1689 4401 1791 4451; x_wconf 83' lang='lat' dir='ltr'>vult</span> <span class='ocrx_word' id='word_1_349' title='bbox 1809 4413 1974 4467; x_wconf 71' lang='lat' dir='ltr'>capere</span> <span class='ocrx_word' id='word_1_350' title='bbox 1990 4403 2195 4453; x_wconf 87' lang='lat' dir='ltr'>nondum</span> <span class='ocrx_word' id='word_1_351' title='bbox 2220 4402 2382 4468; x_wconf 78' lang='lat' dir='ltr'>capit‘!</span> <span class='ocrx_word' id='word_1_352' title='bbox 2419 4402 2767 4468; x_wconf 79' lang='lat' dir='ltr'>Aug.deT1-in.</span> 
     </span>
     <span class='ocr_line' id='line_1_46' title="bbox 555 4462 1875 4530; baseline 0.005 -21"><span class='ocrx_word' id='word_1_353' title='bbox 555 4477 635 4525; x_wconf 75' lang='lat' dir='ltr'>qun</span> <span class='ocrx_word' id='word_1_354' title='bbox 676 4462 829 4527; x_wconf 81' lang='lat' dir='ltr'>ipsum</span> <span class='ocrx_word' id='word_1_355' title='bbox 871 4463 1160 4514; x_wconf 76' lang='lat' dir='ltr'>intellectum</span> <span class='ocrx_word' id='word_1_356' title='bbox 1207 4480 1345 4514; x_wconf 81' lang='lat' dir='ltr'>suum</span> <span class='ocrx_word' id='word_1_357' title='bbox 1388 4472 1484 4530; x_wconf 82' lang='lat' dir='ltr'>quo</span> <span class='ocrx_word' id='word_1_358' title='bbox 1513 4481 1625 4515; x_wconf 81' lang='lat' dir='ltr'>eum</span> <span class='ocrx_word' id='word_1_359' title='bbox 1690 4482 1736 4515; x_wconf 83' lang='lat' dir='ltr'>v.</span> <span class='ocrx_word' id='word_1_360' title='bbox 1760 4468 1803 4529; x_wconf 84' lang='lat'>§.</span> <span class='ocrx_word' id='word_1_361' title='bbox 1826 4468 1875 4516; x_wconf 83' lang='lat'>2.</span> 
     </span>
    </p>
   </div>
  </div>
 </body>
</html>
