3042 5059
609 806 614 811 .
697 748 980 811 maxime
1001 753 1262 829 captum
1279 753 1346 807 et
1359 746 1703 807 offocatum
1724 738 2197 825 quodammodo
2218 738 2665 821 deprimebant
2692 756 2921 817 corpo-
3026 760 3028 763 ⁴

513 1066 637 1115 xn.

461 1132 612 1179 Fraus

461 1193 667 1259 discipu·

461 1259 616 1307 lorum

463 1323 641 1371 Romae

463 1387 514 1436 in
535 1400 654 1452 pm-

1257 386 1324 451 S.
1369 384 1885 451 AUGUSTINI
1933 380 2353 447 EPISCOPI

701 546 814 631 qui
871 546 914 609 J
915 544 1244 609 udaeorum
1259 549 1280 575 ⁸
1324 543 1537 623 legem
1595 542 1872 605 inserere
1918 538 2301 603 Christianae
2352 534 2507 599 fidei
2556 535 2923 610 volucrunt,

698 654 894 731 atque
932 645 1064 729 ipsi
1103 645 1474 725 incorrupta
1487 655 1516 683 ¹
1554 640 1948 724 exemplaria
1973 640 2155 703 nulla
2190 636 2562 721 proferrent.
2652 635 2789 699 Sed
2818 656 2923 697 me

703 396 786 455 ⁷8

697 848 860 913 ralia
895 846 1286 927 cogitantem
1325 844 1531 907 moles
1568 843 1719 921 iuae,
1758 844 1879 905 sub
1932 842 2169 925 quibus
2214 841 2526 903 anhelans
2574 839 2648 900 in
2700 858 2923 901 auram

699 958 827 1013 tuae
855 948 1142 1012 veritatis
1168 945 1484 1029 liquidam
1515 952 1581 1006 et
1610 944 1971 1026 simplicem
2000 943 2310 1027 respirare
2338 962 2472 1003 non
2500 948 2815 1023 poteram.

788 1055 892 1113 22.
925 1049 1166 1113 Sedulo
1195 1067 1352 1129 ergo
1391 1066 1579 1127 agere
1618 1064 1962 1128 coeperam,
1991 1051 2255 1127 propter
2296 1042 2473 1127 quod
2498 1062 2824 1119 veneram,
2851 1048 2927 1104 ut
3028 1024 3030 1027 Α

701 1153 1000 1217 docerem
1043 1152 1269 1213 Romae
1314 1154 1512 1210 artem
1552 1146 1956 1225 rhetoricam,
1984 1152 2051 1208 et
2084 1146 2265 1229 prius
2309 1143 2484 1207 domi
2528 1164 2923 1225 congregare
3030 1196 3032 1203 .

703 1254 977 1338 aliquos,
1021 1251 1254 1335 quibus
1307 1257 1372 1312 et
1412 1269 1531 1331 per
1582 1269 1745 1331 quos
1788 1248 2187 1311 innotescere
2232 1267 2585 1329 coeperam3
2654 1252 2722 1308 et
2766 1266 2924 1308 ecce

705 1374 1028 1436 cognosco
1059 1350 1188 1416 alia
1213 1352 1443 1414 Romae
1473 1348 1633 1426 fieri,
1657 1370 1802 1432 quae
1832 1370 1966 1412 non
2000 1349 2294 1432 patiebar
2318 1347 2389 1410 in
2417 1347 2655 1411 Africa.
2747 1348 2922 1410 Nam

462 1458 690 1517 ceptores.
703 1475 922 1519 revera
959 1453 1104 1517 illas
1143 1451 1539 1515 eversiones!
1568 1472 1607 1514 a
1641 1450 1911 1533 perditis
1950 1450 2469 1514 adolescentibus
2495 1450 2590 1513 ibi
2618 1472 2754 1513 non
2782 1450 2923 1513 fieri

467 1874 552 1923 Pa.
582 1874 690 1932 138,
709 1857 1018 1921 charitate
1055 1854 1309 1940 justitia
1357 1854 1504 1917 vilis
1552 1862 1666 1917 est.

467 1939 549 1987 22.

703 1555 1176 1618 manifestatum
1195 1560 1296 1616 est
1313 1552 1493 1615 mihi.
1548 1551 1678 1615 Sed
1700 1553 1741 1584 ‘⁴
1760 1551 2033 1629 subito,”
2056 1552 2383 1635 inquiunt,
2401 1551 2439 1585 “
2458 1572 2541 1613 ne
2562 1551 2925 1615 mercedem

704 1656 1010 1737 magistro
1049 1652 1343 1732 reddant,
1384 1652 1759 1735 conspirant
1804 1652 1991 1715 multi
2042 1651 2502 1729 adolescenteS‚
2544 1660 2611 1715 et
2656 1651 2923 1715 nansfe-

703 1764 856 1821 runt
901 1776 970 1820 se
1009 1755 1094 1819 ad
1135 1756 1332 1818 alium
1345 1754 1399 1830 ;”
1443 1753 1797 1817 desertores
1836 1752 2011 1829 fidei,
2056 1760 2121 1816 et
2161 1754 2401 1836 quibus
2450 1774 2582 1836 prae
2625 1753 2922 1835 pecuniae

1782 1854 2031 1916 Oderat
2080 1853 2275 1916 etiam
2318 1854 2479 1917 istos
2528 1874 2638 1917 cor
2682 1874 2922 1931 meum,

709 1958 1002 2043 quamvis
1030 1977 1160 2018 non
1178 1956 1472 2038 perfecto
1499 1956 1664 2017 odio,
1754 1953 1947 2027 Quod
1968 1955 2141 2017 enim
2170 1956 2253 2017 ab
2284 1955 2379 2018 eis
2398 1973 2709 2037 passurus
2728 1976 2924 2032 eram,

709 2057 918 2140 magis
961 2056 1218 2121 oderam
1260 2056 1549 2131 fortasse,
1596 2076 1789 2139 quam
1826 2076 1904 2119 eo
1939 2054 2115 2139 quod
2155 2055 2421 2119 cuilibet
2456 2056 2689 2120 illicita
2730 2055 2924 2119 facie-

711 2162 890 2223 bant.
981 2158 1170 2221 Certe
1213 2164 1428 2220 tamen
1461 2164 1680 2239 turpes
1722 2163 1875 2220 sunt
1916 2156 2098 2234 taleS,
2132 2163 2199 2219 et
2217 2158 2653 2241 fornicantur
2688 2156 2809 2219 abs
2844 2165 2925 2233 te,

712 2259 987 2325 amando
1023 2246 1301 2321 volatica
1335 2256 1617 2320 ludibria
1658 2264 2018 2339 temporum
2054 2264 2120 2320 et
2159 2258 2410 2320 lucrum
2444 2258 2719 2334 luteum,
2750 2257 2928 2342 quod

713 2382 862 2425 cum
907 2357 1430 2444 apprehenditur,
1467 2378 1729 2421 manum
1769 2358 2097 2443 inquinat3
2142 2369 2208 2420 et
2246 2358 2697 2441 amplectendo
2740 2380 2925 2421 mun-

717 2462 873 2526 dum
901 2461 1276 2542 fugientem,
1309 2458 1777 2522 contemnendo
1809 2465 1871 2521 te
1900 2467 2283 2537 manentem,
2314 2466 2379 2523 et
2404 2467 2835 2539 revoc-antem,
2866 2468 2932 2524 et

780 2634 807 2662 ¹¹
839 2630 945 2679 Nec
987 2629 1217 2679 immerito
1267 2643 1353 2676 nos
1407 2626 1470 2675 ad
1523 2624 1787 2688 hujusmodi
1858 2626 2252 2675 necessitudinem
2282 2626 2553 2676 Manichaea
2572 2628 2695 2678 fides
2722 2629 2931 2678 reddidit

721 2694 996 2760 scripturas,
1017 2702 1114 2742 tam
1137 2694 1503 2743 inconsonantes
1534 2700 1582 2738 et
1612 2691 1786 2745 varias,
1854 2700 2025 2745 tutum,
2048 2706 2155 2755 quse
2180 2692 2409 2759 principio
2446 2694 2565 2741 mihi
2594 2709 2691 2742 non
2724 2695 2927 2749 cunctis,

717 2774 960 2822 nunquam
1001 2772 1115 2807 sane
1151 2760 1254 2807 sine
1292 2756 1474 2821 judicio
1511 2770 1571 2803 ac
1610 2757 1789 2803 ratione
1840 2770 1961 2866 Quo
1980 2770 2039 2803 ex
2062 2756 2319 2803 Salvatoris
2344 2758 2531 2806 nomine
2552 2758 2729 2823 scripta
2760 2760 2923 2822 legun·

722 2838 858 2873 aures
889 2822 1146 2876 afferimus.
1169 2823 1250 2871 sed
1275 2820 1653 2886 contemplantes
1684 2834 1787 2867 om·
1876 2835 1931 2868 ur
1950 2821 2121 2885 passim
2148 2821 2339 2869 credere
2361 2822 2707 2887 persuasit,sed
2728 2828 2929 2888 probare

716 2888 816 2942 nia.
845 2895 894 2936 et
927 2902 1038 2936 cum
1069 2887 1174 2936 aliis
1205 2886 1304 2935 alia
1329 2884 1643 2939 conferentes,
1676 2899 1785 2948 per-
1848 2884 1889 2931 si
1912 2885 2007 2931 sint
2026 2884 2197 2933 eadem
2218 2900 2344 2943 vera,
2364 2886 2405 2933 si
2422 2902 2559 2942 sans,
2575 2887 2613 2933 si
2630 2887 2926 2953 incorrupta3

713 2951 980 3019 pendimus,
1041 2960 1198 2999 utrum
1256 2964 1417 2999 eorum
1480 2948 1691 3012 quidque
1756 2962 1787 2994 a
1850 2963 1953 2997 esse
2002 2948 2127 2996 enim
2164 2949 2400 3013 permulta
2438 2950 2636 3005 zizania,
2680 2955 2771 2999 διο.
2852 2953 2927 3001 Id.

717 3014 905 3066 Christo
925 3014 1024 3063 dici
1045 3015 1248 3078 potuerit
1280 3028 1449 3069 necne,
1470 3014 1623 3060 multa
1659 3010 1783 3059 enim

717 3096 748 3129 a
801 3080 1058 3144 majoribus
1115 3079 1280 3128 vestris
1329 3076 1531 3140 eloquiis
1589 3074 1785 3125 Domini

717 3145 862 3193 nostri
902 3143 1076 3191 inserta
1110 3145 1252 3191 verba
1276 3151 1418 3197 -sunt,
1455 3156 1563 3205 quae
1601 3139 1789 3187 nomine

717 3208 901 3271 signata
940 3207 1086 3271 ipsius
1123 3223 1230 3255 cum
1269 3206 1370 3269 ejus
1403 3204 1498 3253 fide
1543 3220 1635 3251 uon
1674 3218 1787 3251 con·

717 3280 918 3334 gruant3
971 3271 1227 3337 praesertim
1268 3271 1400 3334 quia.
1441 3276 1493 3317 ut
1523 3268 1627 3331 jam
1662 3284 1789 3333 saepe

716 3336 965 3401 probatum
1000 3352 1028 3383 a
1068 3335 1202 3383 nobis
1223 3344 1312 3388 est,
1334 3348 1422 3382 nec
1455 3333 1516 3380 ab
1552 3334 1653 3397 ipso
1686 3332 1789 3381 haec

718 3408 848 3455 sunt.
874 3414 960 3447 nec
981 3400 1044 3447 ab
1067 3398 1170 3463 ejus
1193 3398 1434 3462 Apostolis
1467 3396 1659 3461 scripta,
1683 3396 1785 3454 sed,

719 3464 870 3511 multo
889 3470 996 3528 post
1015 3478 1175 3511 eorum
1201 3461 1561 3527 assumptionem
1584 3476 1614 3509 a
1632 3461 1789 3508 nescio

720 3526 912 3591 quibus.
935 3534 984 3575 et
1005 3526 1119 3592 ipsis
1138 3526 1260 3574 inter
1276 3542 1327 3575 se
1349 3541 1440 3575 non
1459 3524 1787 3573 concordanti·

720 3592 828 3649 bus,
839 3590 1013 3640 semi-J
1021 3590 1184 3647 udaeis,
1197 3606 1278 3655 per
1291 3591 1442 3639 famas
1451 3588 1791 3665 opinionesque

719 3654 1631 3785 {23333335²23522232p133¹333
1646 3655 1793 3766 1230ss

719 3785 916 3848 gratias.
938 3784 1019 3847 qui
1043 3799 1119 3832 me
1154 3782 1367 3831 similiter
1399 3782 1639 3831 labentem
1677 3781 1787 3830 reti-

721 3850 844 3905 nuit,
866 3857 920 3897 ut
941 3863 1090 3896 essem
1116 3846 1254 3895 hodie
1273 3845 1589 3895 Christianus.
1657 3846 1787 3893 Nam

719 3928 810 3974 ego
883 3927 1038 3977 noque
1075 3927 1184 3961 cum
1221 3909 1480 3975 capitulum
1523 3910 1701 3973 (Matt.
1738 3912 1787 3964 5.

725 3976 831 4037 17.)
903 3992 960 4024 oc
994 3974 1268 4042 imprudens
1301 3975 1522 4037 legerem,
1560 3973 1789 4037 quemad-

721 4040 912 4089 modum
958 4047 1029 4095 ω,
1074 4054 1211 4105 paene
1264 4040 1409 4087 ieram
1452 4039 1502 4085 in
1540 4037 1787 4085 consilium

720 4105 926 4153 Judaeus
957 4102 1074 4152 fieri.
1159 4104 1266 4152 Nec
1302 4102 1565 4161 immerito;
1612 4101 1788 4151 etenim

719 4169 759 4217 si
783 4167 999 4218 Christus
1021 4167 1176 4231 legem
1214 4183 1305 4214 non
1343 4166 1476 4215 venit
1494 4165 1673 4215 solvere
1704 4166 1789 4214 scd

721 4232 1172 4298 adimplere—vide,
1201 4231 1240 4279 si
1275 4231 1391 4295 quid
1429 4231 1494 4278 im
1530 4228 1657 4278 edire
1683 4232 1789 4289 jam

782 4305 916 4351 terat,
939 4297 1054 4358 quin
1073 4297 1227 4344 factus
1244 4310 1394 4343 essem
1420 4295 1450 4343 J
1457 4311 1485 4342 u
1523 4308 1637 4342 eus.
1686 4294 1782 4342 Sed

718 4312 831 4409 {iiic
865 4361 1074 4426 periculo
1106 4376 1181 4409 me
1217 4358 1475 4409 Manichaei
1515 4356 1782 4407 veneranda

635 4482 640 4489 ι
719 4423 840 4473 fides
858 4424 1046 4498 eripuit.
1090 4424 1166 4473 Id.
1188 4422 1284 4473 xix.
1305 4426 1354 4473 5.
1421 4424 1486 4471 Et
1511 4431 1673 4471 tamen
1705 4438 1781 4472 me

720 4488 912 4551 quidem
957 4505 1058 4555 jam
1115 4488 1340 4539 adversus
1390 4486 1586 4553 capituli
1642 4486 1781 4551 hujus

1852 3012 1983 3061 xviii.
2006 3014 2052 3059 3.
2112 3014 2297 3061 Volunt
2318 3016 2477 3063 nescio
2496 3031 2615 3079 qnos
2631 3025 2928 3081 corruptores

1851 3076 2113 3125 divinorum
2154 3078 2377 3126 librorum
2422 3089 2533 3127 ante
2573 3080 2725 3144 ipsius
2760 3082 2923 3129 Mani-

1850 3140 1972 3189 choei
2006 3149 2219 3208 tempora
2248 3142 2413 3201 fuisse3
2462 3144 2725 3206 corrupisse
2763 3154 2923 3193 autem

1851 3204 1975 3260 illos,
2016 3206 2099 3270 qni
2139 3206 2415 3255 Judaeorum
2457 3208 2611 3270 legem
2657 3210 2923 3273 Evangelio

1854 3269 2047 3317 miscere
2080 3271 2351 3335 cupiebant.
2404 3272 2531 3336 Aug.
2554 3272 2617 3321 de
2656 3273 2777 3323 Util.
2804 3277 2923 3322 Cre·

1853 3333 2017 3389 dendi,
2039 3349 2085 3381 c.
2104 3337 2154 3383 3.

1916 3402 1944 3431 ¹
1981 3397 2291 3447 proferendus
2326 3406 2399 3446 est
2434 3414 2640 3464 namque
2680 3400 2767 3449 tibi
2805 3400 2928 3449 alius

1852 3462 2003 3510 codex
2049 3462 2218 3511 eadem
2256 3463 2518 3517 continens,
2554 3472 2604 3511 et
2648 3472 2808 3513 tamen
2856 3466 2926 3515 in·

1852 3540 1987 3574 cortu
2022 3524 2099 3573 tus'
2135 3536 2183 3575 et
2216 3526 2381 3580 verior.
2412 3528 2498 3575 ubi
2536 3527 2639 3576 sola
2677 3528 2837 3577 desint
2872 3545 2931 3578 ee

1852 3606 1963 3653 quoe
2019 3590 2064 3638 ic
2086 3591 2297 3639 immissa
2328 3606 2431 3639 esse
2460 3592 2739 3641 criminaris.
2814 3594 2929 3641 Non

1854 3653 2045 3711 faciam,
2067 3654 2240 3719 inquis,
2258 3670 2318 3702 ne
2340 3655 2439 3718 ipse
2459 3656 2723 3722 corrupisse
2744 3659 2931 3707 credar.

1859 3719 1965 3766 Hoc
1986 3718 2112 3765 enim
2148 3718 2307 3767 soletis
2341 3720 2515 3768 dicere.
2568 3722 2696 3785 Aug.
2718 3722 2780 3769 de
2814 3737 2931 3773 mor.

1854 3782 1993 3831 Eccl.
2039 3783 2181 3832 Cath-
2226 3798 2269 3831 c.
2314 3784 2390 3833 19.
2436 3785 2479 3846 §.
2522 3785 2604 3833 61.
2698 3785 2826 3834 Cum
2870 3802 2931 3835 ex

1852 3846 2048 3894 adverso
2071 3846 2274 3896 audieris
2295 3852 2327 3875 ‘⁸
2348 3849 2545 3911 proba.’'
2562 3864 2656 3896 non
2679 3851 2929 3913 confugias

1854 3910 1914 3957 ad
1930 3910 2147 3976 exempla
2162 3910 2357 3967 veriora,
2373 3911 2447 3960 vel
2468 3913 2673 3976 plurium
2688 3914 2928 3973 codicum,

1856 3973 1935 4021 vel
1961 3976 2277 4039 antiquorum,
2299 3975 2376 4023 vel
2394 3975 2571 4037 lingnae
2602 3979 2930 4041 prate-edentis,

1854 4038 1982 4087 unde
2003 4040 2095 4087 hoc
2118 4040 2170 4087 in
2184 4038 2327 4088 aliam
2345 4038 2554 4103 linguam
2569 4042 2929 4107 interpretatum

1853 4109 1944 4161 est,
1981 4104 2064 4151 sed
2098 4103 2229 4151 dicas
2262 4102 2431 4152 “inde
2471 4106 2617 4169 probo
2660 4106 2753 4155 hoc
2798 4106 2933 4155 illius

1852 4181 1974 4224 esse,
2013 4166 2131 4214 illud
2170 4183 2262 4214 non
2292 4182 2416 4225 esse,
2448 4169 2563 4232 quia
2596 4169 2688 4219 hoc
2724 4185 2809 4235 pro
2856 4184 2932 4218 me

1852 4239 2006 4290 sonat,
2038 4230 2159 4280 illud
2200 4240 2364 4281 contra
2402 4234 2533 4283 me.'’
2616 4235 2696 4282 Tu
2732 4251 2787 4283 es
2818 4250 2933 4299 ergo

1846 4296 2011 4358 regula
2048 4296 2299 4345 veritatis!
2358 4311 2402 4345 c.
2451 4298 2614 4346 Faust.
2658 4299 2727 4347 xi.
2770 4300 2822 4347 2.
2866 4298 2931 4347 cf.

1844 4358 1994 4408 xxxii.
2023 4361 2095 4409 16.
2116 4360 2179 4409 de
2212 4360 2333 4409 Util.
2364 4360 2623 4420 credendi,
2648 4378 2698 4411 c.
2722 4366 2772 4414 3.
2798 4365 2842 4427 §.
2880 4364 2929 4411 7.

1846 4424 1938 4491 Ep.
1960 4426 2041 4474 82.
2062 4426 2107 4488 §.
2130 4426 2181 4474 6.

1908 4502 1929 4533 ⁷
1965 4489 2083 4541 Vid.
2104 4505 2209 4556 sup.
2248 4488 2311 4538 ad
2333 4488 2369 4539 l.
2387 4488 2523 4551 iii..§.
2546 4490 2597 4537 6.
