3042 5059
693 396 808 454 150
1237 391 1301 454 S.
1347 391 1867 456 AUGUSTINI
1910 391 2331 456 EPISCOPI

680 566 894 610 coram
921 552 1022 609 te:
1070 566 1216 628 quae
1245 554 1458 609 autem
1485 568 1634 610 cum
1664 549 1929 611 absente
1958 547 2273 611 Nebridio
2284 551 2341 625 ¹⁸,
2372 552 2683 608 testantur
2722 543 2901 625 epis-

677 647 845 709 tolae.
919 646 1013 708 Et
1039 644 1298 729 quando
1327 646 1488 708 mihi
1515 647 1796 711 sufficiat
1820 656 2075 730 tempus
2103 644 2647 712 commemorandi
2674 645 2902 708 omnia

677 766 914 827 magna
953 766 1106 827 erga
1144 766 1265 809 nos
1305 744 1626 809 beneficia
1664 753 1777 809 tua
1818 746 1887 809 in
1928 747 2040 809 illo
2082 755 2390 829 tempore,
2418 746 2785 830 praesertim
2814 744 2899 807 ad

677 848 806 911 alia
847 845 1088 930 majora
1132 844 1546 930 properanti?
1622 846 1911 911 Revocat
1953 848 2124 910 enim
2168 868 2272 910 me
2315 847 2673 911 recordatio
2723 866 2899 921 mea,

677 957 744 1013 et
784 948 972 1011 dulce
1013 947 1174 1009 mihi
1215 948 1310 1025 fit,
1348 946 1649 1027 Domine,
1692 948 1984 1011 confiteri
2026 950 2146 1012 tibi
2191 949 2427 1034 quibus
2466 948 2746 1012 internis
2792 968 2897 1009 me

443 1050 511 1099 1⁸·
527 1052 609 1105 40,
675 1050 948 1114 stimulis
994 1050 1449 1134 perdomueriS‚
1497 1059 1566 1114 et
1614 1050 2151 1135 quemadmodum
2201 1074 2307 1115 me
2352 1055 2897 1133 complanaveris,

437 1115 492 1235 ἔ,
502 1115 658 1229 «ἔξω
673 1154 1039 1216 humiliatis
1065 1151 1386 1215 montibu-3
1409 1160 1475 1215 et
1503 1152 1768 1214 collibus
1810 1152 2271 1232 cogitationum
2307 1174 2615 1230 mearum,
2644 1161 2711 1215 et
2760 1161 2893 1215 tor-

675 1264 858 1318 tuosa
915 1275 1060 1318 mea
1113 1254 1454 1333 direoeeoeiS,
1511 1260 1579 1316 et
1634 1274 1865 1334 aspera
1924 1256 2185 1317 lenieris
2198 1280 2223 1324 ;
2280 1255 2603 1339 quomodo
2662 1255 2891 1337 ipsum

672 1357 866 1419 etiam
893 1355 1201 1439 Alypium
1225 1355 1478 1418 fiatrem
1507 1354 1719 1419 cordis
1745 1356 1875 1417 mei
1914 1356 2239 1438 subegeris
2274 1357 2523 1418 nomini
2562 1356 2891 1437 unigeniti

673 1459 768 1522 tui
796 1459 1062 1522 Domini
1103 1466 1168 1521 et
1211 1459 1557 1522 Salvatoris
1596 1459 1800 1522 nostri
1826 1461 1869 1523 J
1871 1481 1987 1522 esu
2015 1459 2278 1536 Christi,
2307 1458 2483 1543 quod
2522 1460 2739 1542 primo
2776 1459 2885 1522 de·

669 1560 1052 1641 dignabatur
1107 1560 1303 1621 inseri
1357 1560 1587 1623 litteris
1636 1561 1886 1623 nostris
1974 1560 2195 1640 Magis
2238 1559 2410 1621 enim
2460 1581 2571 1623 eas
2620 1561 2885 1623 volebat

436 1666 517 1714 Ps·
538 1666 620 1723 28,
667 1661 948 1725 redolere
1001 1661 1471 1743 gymnasiorum
1519 1663 1739 1724 cedros
1790 1682 1951 1744 quas
1990 1658 2131 1744 jam
2178 1663 2492 1723 contrivit
2532 1664 2881 1739 Dominus,

431 1731 482 1779 ⁵'
668 1784 862 1846 quam
891 1762 1178 1826 salubres
1205 1762 1436 1825 herbas
1462 1762 1931 1825 ecclesiasticas
1958 1761 2254 1825 adversas
2282 1763 2710 1845 serpentibus.

433 1866 621 1940 Quibus
754 1868 812 1926 Β.
860 1864 1038 1935 Quas
1063 1863 1205 1940 tibi,
1234 1864 1416 1926 Deus
1443 1885 1645 1940 meus,
1675 1885 1866 1927 voces
1896 1862 2045 1926 dedi
2086 1885 2235 1927 cum
2273 1864 2550 1943 legerem
2580 1865 2879 1926 Psalmos

427 1932 644 2059 ssssssffss,
665 1963 900 2041 David,
931 1964 1184 2028 cantica
1210 1963 1447 2042 fidelia,
1478 1974 1545 2027 et
1570 1986 1763 2029 sonos
1790 1964 2049 2049 pietatis
2092 1964 2509 2029 excludentes
2544 1966 2876 2046 turgidum

425 2060 605 2122 gratiis,
665 2067 995 2149 spiritum3
1039 2066 1213 2130 rudis
1254 2067 1324 2129 in
1360 2088 1660 2149 germano
1690 2090 1903 2133 amore
1932 2077 2065 2146 tu0‚
2095 2069 2593 2132 catechumenus
2620 2068 2693 2130 in
2722 2070 2878 2132 villa

426 2136 636 2237 ffiv‘ffissm
663 2189 810 2231 cum
868 2170 1326 2232 catechumeno
1383 2170 1622 2252 Alypio
1678 2170 1975 2261 feriatuS,
2003 2178 2202 2232 matre
2260 2168 2623 2231 adhaerente
2683 2170 2874 2231 nobis

333 2256 340 2263 ⁰
420 2253 612 2367 52:³¹2:ss
660 2270 952 2333 muliebri
986 2270 1233 2347 habitu,
1263 2269 1432 2333 virili
1459 2269 1613 2347 fide,
1644 2271 1799 2334 anili
1828 2271 2187 2347 securitate,
2214 2282 2501 2333 materna
2536 2271 2873 2347 charitate,

421 2380 536 2430 dum
565 2356 579 2377 '
661 2372 1010 2435 christiana
1039 2372 1276 2454 pietate
1301 2370 1314 2433 !
1389 2373 1569 2444 Quas
1596 2373 1716 2435 tibi
1744 2394 1936 2435 voces
1966 2371 2199 2435 dabam
2224 2372 2291 2434 in
2328 2372 2595 2453 psalmis
2622 2372 2781 2451 illis,
2808 2380 2873 2435 et

421 2445 644 2561 3322?
660 2472 981 2556 quomodo
1009 2472 1079 2534 in
1109 2481 1172 2535 te
1201 2472 1643 2535 inflammabar
1670 2494 1754 2535 ex
1782 2473 1897 2550 eis,
1927 2480 1993 2535 et
2020 2471 2415 2537 accendebar
2442 2493 2554 2537 eos
2580 2473 2870 2550 recitare,

658 2574 713 2636 si
733 2595 1010 2656 possem,
1033 2581 1168 2636 toto
1187 2575 1340 2637 orbe
1361 2580 1663 2635 terrarum
1679 2572 1981 2636 adversus
2002 2573 2273 2656 typhum
2294 2573 2543 2655 generis
2558 2572 2865 2637 humani?

418 2678 504 2789 ξ’·
532 2679 608 2736 18,
658 2676 749 2737 Et
775 2682 987 2737 tamen
1027 2682 1163 2738 toto
1203 2675 1355 2737 orbe
1396 2682 1753 2752 cantantur,
1783 2682 1848 2740 et
1884 2696 2011 2736 non
2050 2682 2145 2737 est
2185 2677 2301 2758 qui
2336 2696 2403 2737 se
2440 2674 2797 2737 abscondat
2822 2698 2865 2737 a

453 2775 468 2790 ‘
657 2778 868 2838 calore
897 2784 1024 2838 tuo.
1114 2776 1322 2847 Quam
1355 2775 1713 2839 vehementi
1740 2783 1806 2837 et
1832 2775 1965 2839 acri
1994 2775 2209 2838 dolore
2238 2775 2621 2857 indignabar
2649 2776 2862 2839 Mani-

655 2875 889 2953 chaeis3
934 2884 999 2939 et
1026 2876 1374 2940 miserabar
1400 2897 1512 2939 eos
1540 2898 1777 2954 rursuS,
1808 2877 1983 2961 quod
2008 2878 2122 2941 illa
2150 2888 2559 2955 sacramenta,
2588 2880 2706 2942 illa
2732 2902 2858 2943 me·

651 2977 1013 3041 dicamenta
1041 2979 1380 3055 nescirent,
1410 2988 1473 3042 et
1500 2978 1712 3042 insani
1751 2987 1964 3042 essent
2002 2979 2304 3043 adversus
2344 2981 2702 3045 antidotum
2734 3005 2857 3066 quo

652 3079 792 3141 sani
836 3101 976 3143 esse
1017 3077 1416 3163 potuissent!
1491 3080 1739 3143 Vellem
1786 3090 1858 3143 ut
1900 3081 2139 3144 alicubi
2170 3081 2363 3165 juxta
2400 3092 2617 3146 essent
2644 3083 2857 3163 tunc‘‚

651 3187 717 3242 et
743 3202 846 3243 me
882 3180 1206 3243 nesciente
1247 3180 1423 3264 quod
1459 3180 1554 3243 ibi
1590 3187 1802 3243 essent
1840 3182 2236 3245 intuerentur
2269 3182 2496 3246 faciem
2535 3206 2768 3263 meam,
2798 3194 2857 3249 et

651 3280 944 3343 audirent
981 3304 1170 3346 voces
1209 3304 1403 3361 meas,
1449 3282 1706 3366 quando
1750 3284 1881 3365 legi
1926 3294 2218 3367 quartum
2268 3287 2586 3368 psalmum
2636 3288 2709 3349 in
2745 3288 2853 3350 illo

648 3391 800 3445 tunc
841 3384 992 3459 otio,
1024 3385 1182 3467 quid
1213 3385 1292 3448 de
1321 3408 1424 3448 me
1462 3386 1683 3449 fecerit
1720 3380 1828 3449 ille
1867 3390 2172 3471 psalmus
2268 3392 2432 3453 Cum
2472 3394 2852 3469 invocarem,

646 3486 988 3548 exaudivit
1029 3509 1132 3551 me
1174 3490 1356 3551 Deus
1382 3490 1679 3572 justitiae
1719 3512 1872 3553 mese
1896 3518 1919 3560 ‚·
1980 3495 2053 3555 in
2100 3494 2515 3557 tribulatione
2558 3496 2855 3558 dilatasti

644 3587 828 3647 mihi.
916 3588 1232 3650 Miserere
1285 3592 1434 3667 mei,
1478 3592 1779 3668 Domine,
1822 3600 1887 3655 et
1930 3595 2175 3656 eataudi
2224 3598 2579 3658 orationem
2624 3618 2848 3659 meam.

644 3685 957 3749 Audirent
998 3687 1330 3769 ignorante
1361 3712 1463 3753 me
1494 3700 1705 3755 utrum
1743 3693 2053 3770 audirent,
2081 3716 2163 3758 ne
2206 3718 2309 3759 me
2352 3705 2617 3780 propter
2647 3719 2716 3761 se
2744 3698 2849 3760 illa

646 3786 855 3850 dicere
883 3796 1183 3871 putarent
1211 3812 1355 3873 quae
1385 3792 1553 3853 inter
1578 3793 1718 3856 haec
1748 3797 1940 3858 verba
1970 3794 2259 3859 dixerim.
2349 3799 2519 3870 Quia
2546 3808 2612 3863 et
2637 3820 2848 3862 revera

641 3908 762 3949 nec
801 3909 878 3951 ea
921 3889 1218 3970 dicerem,
1248 3913 1368 3954 nec
1402 3892 1494 3955 sic
1528 3914 1605 3955 ea
1634 3892 1931 3971 dicerem,
1962 3896 2018 3959 si
2044 3919 2148 3960 me
2179 3898 2259 3961 ab
2300 3900 2394 3961 eis
2432 3899 2639 3963 audiri
2680 3899 2845 3962 vide-

638 3988 821 4071 rique
880 3991 1217 4055 sentirem:
1284 4014 1426 4070 nec,
1481 3993 1536 4055 si
1597 3993 1893 4074 dicerem,
1947 3996 2039 4060 sic
2100 3999 2467 4081 acciperent
2525 4000 2842 4083 quomodo

637 4110 890 4162 mecum
919 4099 985 4154 et
1012 4091 1170 4154 mihi
1201 4115 1414 4155 coram
1443 4101 1506 4156 te
1539 4093 1619 4156 de
1650 4094 1941 4163 familiari
1971 4099 2204 4161 afl'ectu
2232 4101 2427 4185 animi
2455 4102 2603 4164 mei.

727 4196 785 4254 9.
833 4193 1131 4257 Inhorrui
1160 4192 1465 4271 timendo,
1487 4194 1859 4279 ibidemque
1887 4196 2163 4262 inferbui
2194 4202 2511 4283 sperando
2542 4212 2607 4267 et
2636 4207 2840 4268 exsul-

635 4397 670 4438 t.
705 4390 825 4463 i.·p.
858 4390 1003 4447 387.)
1040 4390 1124 4455 qui
1160 4390 1243 4439 illo
1280 4390 1424 4439 invito
1457 4391 1506 4440 in
1540 4407 1709 4441 manus
1834 4399 1875 4427 ¹¹¹
1909 4396 2085 4445 Paucae
2134 4399 2317 4446 uaedam
2338 4414 2397 4447 ex
2418 4398 2471 4448 iis
2493 4400 2653 4449 adhuc
2666 4410 2839 4451 exstant

635 4453 876 4526 hominum
915 4455 1043 4530 eriit.
1075 4463 1123 4502 et
1154 4456 1211 4503 de
1245 4455 1383 4528 cujus
1427 4456 1707 4507 obscuritate
1770 4474 1881 4507 cum
1920 4461 2048 4527 Epp.
2086 4413 2314 4512 laebridii.
2354 4464 2481 4531 Epp.
2518 4464 2732 4516 iii—xiv.
2768 4468 2836 4516 ed.

633 4532 730 4581 ipse
751 4527 1066 4583 conquentur.
1097 4518 1263 4583 (Retr.
1284 4535 1317 4568 1.
1339 4534 1385 4565 c.
1409 4518 1489 4572 5.)
1774 4522 1893 4573 Ben.
