3042 5059
1155 309 1479 370 INDEX.

251 484 394 517 suum
429 469 770 527 Cassiciacum,
809 469 916 516 148.
965 468 1041 516 Fit
1074 468 1272 517 Christi-

255 548 378 582 anus
399 533 448 581 in
471 542 681 581 extrema
702 551 746 582 ae
801 532 998 590 ‘tudine,
1016 533 1084 582 ib.
1123 533 1273 582 Mori·

253 606 334 645 tur
355 605 523 661 agente
547 599 722 646 Rornae
793 603 897 661 ug0.
917 597 985 646 ib.

189 662 402 711 Veritas
450 663 642 710 Mentes
661 670 830 710 nostrae
864 677 958 710 non
980 663 1038 710 (10
1061 661 1273 720 veritate,

254 727 339 775 sed
370 727 629 776 secundum
661 727 813 792 ipsam
847 727 906 776 de
939 725 1122 775 caeteris
1145 726 1272 790 judi·

257 798 387 845 cant,
416 791 526 839 118.
583 793 770 841 Veritas
793 806 900 855 quin
930 799 1104 839 aeterna
1133 800 1204 840 est
1227 800 1276 841 et

259 855 482 902 omnibus
531 856 795 920 praeminet,
845 855 945 921 ipse
998 854 1134 904 Deus
1183 865 1274 910 est,

260 920 382 968 243.
425 921 626 967 AEterna
650 920 820 968 veritas
851 918 1098 983 grandium
1123 920 1276 976 cibus,

265 985 348 1044 qui
369 997 462 1031 non
475 993 684 1032 mutatur
699 985 748 1032 in
764 999 871 1032 eum
895 999 924 1032 a
947 999 1042 1046 quo
1063 984 1276 1038 sumitur,

265 1049 348 1096 sed
369 1063 396 1096 e
418 1057 597 1105 contra,
621 1051 732 1098 115.
775 1051 927 1096 Beata
949 1047 1047 1095 vita
1070 1048 1185 1095 1111111
1209 1057 1280 1098 est

267 1111 400 1160 aliud
425 1128 567 1176 quam
590 1113 813 1177 gaudium
834 1112 894 1161 de
919 1112 1126 1168 veritate,
1150 1114 1257 1161 184.

200 1176 394 1224 Veritas
417 1177 675 1225 communis
693 1186 764 1226 est
784 1175 1011 1233 omnium,
1031 1178 1145 1225 242.
1179 1177 1276 1234 Qui

261 1241 363 1288 vult
381 1240 555 1289 habere
573 1241 816 1290 veritatem
841 1241 1092 1306 privatam,
1116 1242 1280 1290 timeat

263 1320 324 1352 ne
346 1319 406 1353 ea
424 1306 646 1368 privetur,
663 1306 729 1354 ib.
777 1307 876 1355 Cur
899 1311 912 1332 ⁴
929 1304 1102 1353 veritas
1117 1305 1276 1354 odium

263 1368 423 1432 parit,'
451 1371 557 1418 185.

200 1434 465 1482 Veritatem
484 1433 694 1481 homines
715 1442 878 1484 amant
893 1434 1144 1492 lucentem,
1163 1433 1278 1482 ode·

265 1505 372 1546 runt
395 1497 776 1560 redarguentem,
796 1497 864 1546 ib.

204 1563 386 1610 Verum
425 1563 616 1625 quando
651 1561 838 1618 dicitur,
872 1560 1132 1627 inspirante
1172 1563 1280 1611 Deo

268 1625 455 1681 dicitur,
494 1627 609 1675 272.
678 1627 813 1674 Deus
845 1627 974 1675 solus
1011 1635 1084 1675 est
1121 1627 1283 1676 doctor

267 1691 380 1745 veri,
405 1691 516 1746 168,
535 1689 600 1738 ib.
663 1700 670 1711 ¹

202 1753 476 1803 Victorinus
518 1754 674 1803 rhetor
709 1753 835 1802 urbis
879 1753 1062 1810 Romae,
1109 1753 1274 1802 Latine

267 1818 406 1867 vertit
449 1818 590 1866 libros
630 1819 858 1882 quosdam
903 1819 1272 1874 Platonicorum,

271 1885 382 1932 127.
428 1883 643 1932 Statuam
664 1884 712 1931 in
738 1883 958 1931 Romano
972 1883 1070 1931 foro
1089 1883 1272 1941 meruit,

265 1947 334 1994 ib.
412 1947 552 2010 Legit
597 1949 648 1996 S.
693 1947 980 2011 scripturam
1035 1955 1082 1996 et
1131 1948 1274 1995 libros

267 2011 658 2070 Christianorum,
708 2013 816 2060 128.
896 2027 951 2059 ac
999 2011 1206 2076 publice,
1247 2027 1276 2060 a

265 2075 570 2139 Simpliciano
586 2075 850 2138 instigatus,
864 2075 1106 2140 profitetur
1115 2077 1276 2134 fidem,

268 2141 380 2187 129.
413 2139 633 2189 8011010111
649 2140 819 2189 deserit
832 2141 893 2188 ob
907 2139 1062 2203 legem
1077 2140 1108 2188 J
1111 2141 1276 2193 uliani.

266 2218 367 2267 qua
388 2204 582 2252 vetitum
603 2215 673 2253 est
695 2203 975 2253 Christianis
1011 2205 1179 2253 docere
1201 2205 1274 2252 lit-

266 2277 394 2316 teras
445 2276 494 2317 et
547 2269 814 2322 oratoriam,
866 2269 972 2316 131.
1042 2268 1276 2332 judicium

269 2332 549 2444 {iigmnyrni
565 2341 614 2381 et
632 2332 872 2383 Gennadii
894 2331 954 2380 de
965 2331 1068 2395 ejus
1079 2332 1277 2398 scriptis,

303 2399 336 2443 2
373 2433 387 2454 ,
409 2412 458 2444 n.
757 2403 772 2417 ²

207 2458 400 2508 Videre.
432 2460 582 2508 Aliter
614 2462 766 2515 Deus,
801 2459 936 2508 aliter
976 2458 1115 2509 homo
1151 2459 1280 2509 videt

267 2532 449 2582 creata,
467 2527 581 2573 279.

205 2588 538 2638 Vindemiales
558 2589 702 2649 feriae,
728 2589 837 2637 146.

2303 322 2425 376 323

1342 468 1658 518 Vindicianus
1709 484 1851 518 senex
1908 470 2137 526 medicus,
2181 472 2264 531 48,
2313 475 2423 523 109.

1404 533 1653 608 proconsul
1679 549 1901 583 coronam
1936 536 2240 598 agonisticam
2265 538 2421 604 Augo.

1406 607 1709 663 imposuerat,
1751 599 1815 647 ib.
1872 615 2015 664 quem
2047 600 2110 648 ab
2143 599 2417 666 Astrologo-

1405 677 1508 710 rum
1530 662 1696 710 naeniis
1716 661 1887 712 frustra
1910 679 2122 713 revocare
2145 667 2333 730 satagit,
2350 666 2417 717 ib.

1343 725 1583 774 Vindictae
1606 725 1807 775 aviditas
1828 730 1954 777 unde
1975 731 2170 786 oriatur,
2190 731 2273 780 22.

1343 789 1572 854 Virgilius
1591 797 1748 854 poeta,
1778 793 1854 849 11,
1884 795 1961 848 12,
1989 795 2067 842 14.

1343 854 1561 904 Visiones
1592 863 1641 902 et
1672 870 1894 920 responsa
1916 855 2157 906 Mounicae
2180 856 2313 917 data,
2332 859 2415 914 42,
2459 861 2464 866 ’

1407 919 1489 974 43,
1512 920 1595 972 73,
1620 920 1702 976 82,
1732 921 1841 968 100.

1343 982 1468 1031 Vitae
1493 983 1633 1048 hujus
1656 983 1854 1038 miseria,
1883 984 1991 1032 186.

1343 1048 1555 1110 Ungulae
1578 1056 1626 1096 et
1650 1047 1873 1110 Equulei,
1894 1049 1943 1096 8.

1345 1113 1500 1161 Unus.
1536 1111 1672 1160 Nihil
1706 1119 1778 1159 est
1806 1127 1926 1170 esse,
1946 1126 2087 1174 quam
2120 1128 2265 1160 unum
2299 1128 2416 1170 esse,

1411 1176 1488 1231 17,
1513 1191 1563 1225 11.
1608 1175 1781 1224 Unitas
1805 1176 1903 1224 Dei
1922 1177 2131 1224 omnium
2164 1178 2347 1237 modus,
2368 1181 2417 1234 7,

1406 1241 1522 1288 250.
1547 1240 1789 1290 Unitatem
1802 1239 1849 1288 in
1869 1251 2096 1304 quantum
2115 1242 2322 1306 quinque
2336 1244 2417 1290 ad·

1408 1303 1621 1368 ipiscitur
1666 1304 1901 1352 intantum
1938 1311 2027 1362 est,
2065 1306 2147 1360 17,
2180 1321 2232 1355 11.
2298 1307 2417 1355 Uni·

1408 1383 1591 1418 versum
1613 1383 1670 1417 ex
1699 1368 1907 1434 partibus
1940 1369 2151 1433 pulchris
2182 1383 2421 1425 constans.

1405 1433 1648 1498 pulchrius
1678 1433 1817 1497 longe
1836 1440 1907 1480 est
1928 1448 2071 1496 quam
2105 1434 2222 1500 ipsae
2243 1443 2415 1501 partes,

1405 1499 1514 1544 274.
1554 1497 1694 1561 idque
1713 1497 1759 1545 vi
1780 1496 1990 1550 unitatis,
2008 1499 2123 1556 274,
2148 1513 2197 1546 11.

1345 1561 1631 1609 voluntates
1650 1562 1759 1609 duae
1788 1561 2031 1610 contrariae
2063 1577 2417 1626 nonnumquam

1411 1625 1461 1672 in
1480 1625 1689 1680 homine,
1716 1626 1827 1672 132.

1348 1688 1584 1738 Voluntas
1606 1697 1740 1738 vetus
1762 1689 1965 1737 carnalis
1984 1698 2032 1737 et
2052 1705 2175 1739 nova
2196 1690 2419 1755 spiritalis

1401 1753 1452 1801 in
1476 1755 1626 1818 Augo.
1650 1752 1713 1801 ib.
1753 1752 1986 1802 Voluntas
2000 1754 2129 1802 fortis
2150 1763 2199 1802 et
2215 1755 2413 1818 integra,

1402 1819 1621 1866 voluntas
1660 1816 1977 1876 semi-saucia,
2019 1819 2237 1867 voluntas
2312 1828 2411 1868 arte

1403 1897 1667 1944 assurgens,
1703 1889 1752 1930 et
1780 1897 1889 1930 cum
1920 1883 2013 1930 alia
2047 1893 2177 1948 parte
2212 1899 2271 1932 ca
2305 1893 2415 1933 ente

1401 1946 1603 2004 luctans,
1632 1948 1741 1995 138.

1344 2012 1579 2075 Voluptas
1619 2010 1788 2058 carnis.
1852 2011 1932 2059 Ab
1973 2026 2035 2060 ea
2074 2011 2412 2060 continentiam

1404 2077 1541 2122 Deus
1564 2074 1699 2139 jubet
1734 2082 1780 2123 01
1809 2077 1907 2130 dat,
1934 2077 2045 2124 187.
2077 2069 2225 2139 Aug¹.
2252 2091 2413 2140 pugna

1405 2155 1464 2186 ne
1498 2138 1817 2203 voluptatibus
1850 2155 2070 2188 sensuum
2094 2140 2325 2204 capiatur,
2348 2141 2415 2190 ib.

1403 2211 1452 2250 01
1472 2219 1494 2248 s
1566 2236 1577 2249 .

1343 2267 1444 2316 Uti.
1484 2219 1599 2315 {iiia
1635 2267 1822 2332 prodest
1855 2267 1982 2314 bona
2020 2283 2095 2316 res
2133 2282 2228 2316 non
2262 2268 2413 2317 utenti

1407 2333 1547 2387 bene,
1570 2332 1652 2378 61.

1345 2396 1478 2444 Uxor
1507 2396 1715 2459 prudens
1744 2403 1793 2443 et
1815 2393 2088 2444 Christiana
2119 2393 2412 2453 describitur,

1415 2461 1504 2507 159
1548 2475 1651 2522 sqq.
1708 2459 1840 2507 Uxor
1883 2458 1980 2506 viro
2024 2468 2211 2524 propter
2253 2460 2415 2508 Deum

1407 2523 1629 2581 serviens,
1662 2524 1769 2572 Deo
1794 2523 1950 2578 servit,
1977 2524 2051 2571 10.

1218 3235 1420 3283 FINIS.

869 4530 1195 4570 ExcUDEBAT
1217 4529 1284 4564 W.
1313 4527 1543 4576 nAx‘rzR,
1570 4525 1789 4564 oxoml.
