3042 5059
591 368 712 433 162
1145 368 1211 432 S.
1242 360 1757 433 AUGUSTINI
1804 368 2226 433 EPISCOPI

581 522 914 589 famelica*¹
943 522 1334 605 cogitatione
1372 525 1685 587 lambunt.
1771 525 1863 587 Et
1890 545 1931 587 o
1962 522 2019 587 si
2046 523 2395 603 fatigentur
2428 518 2703 595 inedia',
2733 524 2797 590 et

587 625 840 691 dicant:
892 625 1054 693 Quis
1083 624 1368 687 ostendet
1407 624 1589 687 nobis
1628 624 1791 687 bona
1810 622 1845 685 ,9
1922 625 2015 687 Et
2050 624 2359 703 dicamne,
2390 631 2463 686 et.
2492 620 2791 685 audiant:

587 728 934 809 Signatum
969 734 1066 789 est
1091 727 1164 787 in
1192 724 1371 787 nobis
1405 726 1625 787 lumen
1654 726 1867 785 vultus
1892 724 2017 799 tui,
2048 725 2347 787 Domine.
2436 724 2595 785 Non
2624 721 2793 783 enim

343 834 802 902 Joh.1,9.lumen
828 850 948 893 nos
977 843 1198 892 sumus
1224 829 1395 912 quod
1419 829 1757 891 illuminat
1786 845 2033 889 omnem
2077 826 2396 890 hominem
2416 852 2438 895 ;
2492 824 2611 887 sed
2648 824 2795 888 illu-

345 952 473 1017 Eph.
495 955 546 1009 5,
583 935 901 997 minamur
929 954 968 995 a
995 940 1080 1007 te,
1109 941 1182 994 ut
1210 931 1322 1016 qui
1331 932 1601 1013 fuimus
1629 930 1985 1013 aliquando
2016 930 2317 1008 tenebrae,
2348 929 2548 993 simus
2576 930 2699 991 lua·
2724 929 2796 987 in

347 1019 396 1066 ⁸·
584 1043 665 1099 te.
756 1035 813 1097 Ο
845 1035 900 1097 si
927 1033 1216 1097 viderent
1251 1034 1574 1095 internum
1614 1040 1915 1095 aeternum
1929 1028 1984 1111 ⁸,
2014 1031 2191 1114 quod
2228 1052 2349 1111 ego
2386 1030 2543 1113 quia
2580 1038 2796 1110 gusta-

583 1159 818 1213 veram,
867 1135 1256 1210 frendebam,
1307 1134 1613 1218 quoniam
1660 1154 1793 1195 non
1844 1132 1938 1195 eis
1992 1140 2283 1215 poteram
2332 1130 2687 1209 ostendere,
2742 1131 2798 1193 si

585 1242 878 1303 afferrent
917 1237 1000 1301 ad
1037 1258 1139 1300 me
1169 1256 1280 1299 cor
1305 1236 1374 1297 in
1403 1236 1609 1299 oculis
1636 1235 1771 1297 suis
1799 1234 1951 1297 foris
1980 1256 2021 1297 a
2049 1242 2133 1310 te,
2164 1242 2229 1297 et
2256 1232 2581 1305 dicerent:
2636 1233 2801 1300 Quis

581 1339 868 1401 ostendet
907 1336 1086 1401 nobis
1123 1336 1286 1399 bona
1311 1334 1344 1397 ,9
1416 1336 1520 1398 Ibi
1562 1337 1755 1414 enim,
1784 1334 1938 1400 ubi*
1970 1337 2133 1399 mihi
2169 1336 2368 1399 iratus
2412 1357 2585 1406 eram
2620 1334 2800 1397 intus

581 1439 651 1501 in
695 1440 914 1516 cubili,
944 1440 1058 1503 ubi
1103 1445 1529 1522 compunctus
1572 1458 1764 1514 eram,
1802 1437 1915 1500 ubi
1960 1437 2465 1501 sacrificaveram
2507 1445 2801 1499 mactans

580 1550 960 1605 vetustatem
1001 1561 1231 1619 meam,
1261 1548 1325 1601 et
1363 1539 1669 1603 inchoata
1709 1537 2117 1603 meditatione
2158 1540 2593 1603 renovationis
2634 1560 2799 1601 meae

344 1651 431 1700 Pa.
450 1653 501 1710 4,
517 1652 567 1701 7.
583 1665 848 1727 sperans
891 1645 960 1707 in
999 1652 1084 1722 te,
1114 1643 1208 1706 ibi
1249 1642 1409 1705 mihi
1453 1640 1819 1705 dulcescere
1864 1662 2172 1724 coeperas,
2202 1651 2270 1704 et
2310 1642 2582 1705 dederas
2626 1644 2799 1705 laeti-

584 1748 748 1809 tiam
802 1749 874 1809 in
925 1746 1114 1808 corde
1169 1764 1326 1805 mee.
1413 1743 1506 1804 Et
1551 1741 1992 1805 exclamabam
2041 1744 2265 1823 legens
2312 1743 2456 1807 haec
2506 1744 2682 1822 foriS,
2734 1751 2802 1807 et

583 1870 940 1931 agnoscens
1002 1850 1214 1923 intus3
1279 1868 1400 1909 nec
1450 1847 1747 1909 volebam
1790 1846 2232 1928 multiplicari⁸
2274 1848 2541 1911 terrenis
2582 1849 2802 1925 bonis,

581 1949 891 2012 devorans
948 1956 1238 2029 tempora
1281 1952 1346 2008 et
1389 1944 1727 2007 devoratus
1785 1946 2181 2030 temporibus
2191 1944 2243 2025 ⁴⁵,
2288 1968 2436 2011 cum
2491 1948 2801 2011 haberem

343 2060 458 2109 Ver.
481 2063 530 2109 8.
581 2051 650 2113 in
682 2057 916 2113 aeterna
945 2048 1387 2130 simplicitate·
1419 2044 1595 2108 aliud
1605 2046 2049 2127 frumentum,
2078 2055 2143 2109 et
2169 2050 2413 2125 virium,
2442 2057 2507 2112 et
2536 2052 2769 2113 oleum.

674 2152 773 2213 ll.
818 2152 911 2213 Et
939 2148 1295 2213 clamabam
1322 2146 1392 2207 in
1421 2147 1841 2229 consequenti
1881 2167 2069 2211 versu
2109 2149 2381 2212 clamore
2422 2152 2555 2215 alto
2586 2151 2803 2215 cordis

579 2253 746 2329 mei:
799 2254 855 2314 O
881 2254 953 2313 in
971 2269 1142 2331 pace
1162 2250 1188 2309 !
1233 2270 1268 2309 o
1295 2251 1367 2325 in
1395 2248 1681 2327 idipsum
1708 2249 1732 2309 !
1779 2272 1818 2312 o
1850 2250 2009 2333 quid
2039 2248 2240 2313 dixitz
2292 2250 2711 2315 Obdormiam
2734 2262 2802 2315 et

577 2374 866 2416 somnum
889 2354 1148 2432 capiam
1175 2350 1199 2410 ,Ι
1247 2348 1597 2421 Quoniam‘
1618 2349 1763 2432 quis
1779 2350 2033 2413 resistet
2052 2352 2240 2413 nobis
2272 2374 2418 2415 cum
2447 2352 2563 2416 fiet
2588 2376 2801 2417 sermo

346 2476 368 2522 1
399 2475 508 2525 Cor.
580 2455 693 2538 qui
738 2455 1014 2537 scriptus
1055 2458 1174 2529 est,
1219 2450 1533 2531 Absorpta
1572 2458 1667 2513 est
1703 2471 1873 2513 mors
1912 2454 1985 2513 in
2030 2454 2367 2517 victova'am
2394 2452 2428 2514 ἲ
2483 2457 2576 2518 Et
2614 2463 2689 2517 tu
2728 2476 2803 2518 es

345 2542 424 2599 ¹⁵⁹
447 2542 529 2591 54.
579 2558 882 2639 Idipsum
911 2554 1098 2619 valde
1140 2554 1254 2638 qui
1281 2573 1410 2619 non
1438 2554 1719 2615 mutaris
1738 2578 1761 2622 ;
1812 2560 1878 2615 et
1910 2552 1981 2615 in
2017 2561 2082 2617 te
2116 2555 2374 2639 requies
2402 2556 2800 2621 obliviscens

642 2782 670 2821 ‘l
705 2778 918 2835 Quorum
959 2773 1060 2823 vita
1092 2782 1162 2823 est
1197 2781 1426 2837 spectare,
1460 2780 1651 2821 conten·
1717 2772 1937 2835 gitatione
1968 2774 2186 2832 distenta,
2206 2776 2403 2840 simplex
2435 2777 2611 2825 bonum
2641 2778 2803 2826 videre

581 2841 710 2896 dere,
753 2842 1056 2892 manducare.
1103 2839 1280 2893 bibere,
1323 2838 1652 2890 concumbere,
1719 2852 1813 2884 non
1836 2837 2026 2886 sinitur:
2064 2839 2215 2902 qualis
2234 2850 2303 2888 est
2322 2841 2405 2890 illa
2423 2842 2483 2889 de
2499 2858 2595 2905 qua
2610 2842 2801 2899 dicitur,

582 2906 799 2960 dormire,
819 2905 935 2953 etin
957 2904 1235 2967 cogitatione
1264 2918 1349 2951 sua
1381 2902 1492 2949 nihil
1525 2901 1652 2949 aliud
1722 2908 1753 2929 ‘⁶
1782 2900 1997 2965 deprimit
2053 2911 2233 2952 terrena
2282 2904 2557 2953 inhabitatio
2608 2922 2801 2954 sensum

581 2985 724 3037 quarn
745 2970 1070 3036 phantasmata
1093 2985 1199 3031 quae
1223 2968 1281 3015 de
1303 2967 1387 3015 tali
1405 2968 1500 3014 vita
1519 2966 1645 3014 colli·
1714 2966 1863 3013 multa
1876 2968 2205 3029 cogitantem.''
2222 2979 2237 3028 (
2255 2969 2366 3033 Sap.
2380 2970 2452 3031 9.)
2472 2970 2603 3017 'l‘alis
2622 2971 2802 3027 anima,

581 3045 698 3100 gunt
719 3035 996 3099 amplexari.
1043 3033 1190 3081 'Ibid.
1214 3048 1321 3096 cap.
1345 3034 1424 3079 54.
1714 3032 2037 3093 temporalium
2062 3034 2288 3081 bonorum
2314 3034 2579 3083 decessione
2612 3044 2663 3081 et
2692 3050 2800 3082 suc-

646 3102 666 3133 *
701 3102 829 3149 Nam
862 3099 943 3162 qui
966 3099 1178 3147 videntur
1209 3098 1296 3145 sibi
1327 3095 1520 3161 copiosi,
1544 3110 1650 3143 cum
1716 3096 1940 3154 cessione,
1962 3090 1993 3144 i‘.
2020 3112 2064 3143 e.
2087 3104 2119 3126 ‘⁶
2144 3114 2174 3145 a
2202 3107 2407 3161 tempore
2438 3098 2678 3154 frumenti,
2700 3098 2802 3147 vini

583 3164 675 3213 sint
697 3164 980 3218 famelici,et
999 3162 1262 3226 pleni.cum
1277 3161 1367 3209 sint
1384 3158 1652 3217 inanissimi,
1716 3168 1765 3207 et
1796 3158 1888 3207 olei
1930 3160 2055 3225 sui,''
2088 3160 2505 3211 innumerabilibus
2558 3165 2801 3229 completa

582 3243 677 3275 non
701 3236 1048 3275 convertuntur.
1104 3227 1230 3289 Aug.
1252 3225 1298 3271 in
1325 3224 1454 3272 Psal.
1478 3226 1557 3271 67.
1720 3224 2119 3287 phantasmatibus
2160 3226 2224 3275 sic
2266 3227 2576 3292 multiplicata
2617 3237 2707 3283 est,
2749 3236 2803 3275 ut

651 3294 672 3325 ⁸
705 3290 1054 3353 Temporalium
1077 3290 1198 3337 enim
1223 3288 1477 3353 specierum
1495 3286 1655 3335 multi·
1720 3304 1814 3335 non
1856 3290 1998 3353 possit
2038 3304 2173 3354 agere
2216 3292 2342 3355 quod
2384 3302 2670 3356 praeceptum
2710 3300 2801 3348 est,

581 3354 788 3402 formitas
811 3356 870 3401 ab
895 3355 1069 3401 unitate
1097 3354 1187 3400 Dei
1207 3351 1441 3400 hominem
1469 3352 1654 3416 lapsum
1721 3360 1753 3381 “
1788 3352 1967 3399 Sentite
1994 3354 2053 3401 de
2089 3356 2295 3403 Domino
2329 3356 2377 3403 in
2412 3357 2631 3412 bonitate,
2664 3366 2712 3404 et
2748 3356 2801 3403 in

617 3434 667 3465 er
689 3418 899 3466 carnales
920 3434 1080 3465 sensus
1100 3416 1487 3471 diverberavit,et
1504 3424 1656 3464 muta·
1720 3416 2013 3480 simplicitate
2036 3420 2185 3467 cordis
2206 3421 2397 3484 querite
2418 3419 2603 3467 illum.''
2646 3420 2804 3485 (Sap.

577 3435 667 3551 ,gili
689 3480 912 3531 varietate
935 3480 1257 3545 multiplicavit
1277 3480 1380 3543 ejus
1399 3480 1651 3528 affectum:
1725 3482 1768 3535 l,
1797 3482 1867 3539 l.)
1937 3483 2033 3530 Ista
2068 3484 2194 3531 enim
2226 3484 2543 3549 multiplicitas
2576 3484 2650 3531 illi
2688 3485 2801 3531 sim-

583 3546 648 3593 ita
677 3546 804 3593 sacta
839 3552 909 3593 est
943 3545 1229 3593 abundantia
1261 3545 1508 3598 laboriosa,
1533 3553 1595 3600 et,
1620 3544 1657 3591 si
1753 3545 1918 3594 licitati
1940 3545 2233 3596 vehementer
2252 3551 2445 3597 adversa
2465 3549 2801 3611 est.—Singu·

583 3609 681 3657 dici
719 3617 888 3674 potest,
915 3610 1100 3674 copiosa
1133 3618 1338 3673 egestas:
1383 3610 1495 3657 dum
1530 3609 1657 3655 aliud
1740 3625 1841 3665 ares
1872 3626 1981 3673 ergo
2016 3620 2065 3659 et
2089 3612 2344 3677 simpliceS,
2368 3613 2414 3660 id
2450 3623 2534 3670 est,
2568 3612 2733 3661 secreti
2769 3628 2802 3661 a

585 3682 727 3737 atque
771 3673 899 3721 aliud
941 3672 1164 3737 sequitur,
1200 3682 1247 3720 et
1289 3672 1403 3720 nihil
1450 3688 1557 3721 cum
1601 3688 1657 3719 eo
1722 3674 2017 3723 multitudine
2052 3692 2108 3723 ac
2137 3680 2273 3725 turba
2308 3678 2594 3726 nascentium
2640 3693 2800 3725 rerum

585 3748 841 3803 permanet.
898 3732 974 3785 Sic
995 3744 1026 3765 ‘⁸
1047 3752 1078 3785 a
1099 3747 1305 3801 tempore
1328 3735 1658 3784 frumentivini
1724 3754 1779 3785 ac
1820 3739 2133 3797 morientium,
2166 3750 2395 3789 amatores
2440 3741 2711 3789 aeternitatis
2750 3751 2803 3789 et

583 3812 634 3851 et
674 3803 767 3851 olei
808 3798 898 3858 sui,
937 3802 1272 3867 multiplicatus
1311 3802 1433 3853 est.'’
1472 3809 1525 3849 ut
1566 3816 1659 3848 non
1725 3802 1930 3851 Unitatis
1969 3818 2068 3853 esse
2110 3805 2351 3859 debemus,
2390 3805 2429 3853 si
2469 3806 2552 3853 uni
2599 3807 2707 3853 Deo
2753 3815 2803 3853 et

585 3866 788 3916 inveniat
821 3872 854 3894 ‘⁸
881 3867 1144 3932 Idipsum,''
1172 3866 1218 3914 id
1250 3875 1320 3914 est
1351 3874 1564 3913 naturam
1588 3866 1657 3912 in·
1725 3867 1933 3914 Domino
1962 3879 2117 3917 nostro
2146 3870 2361 3935 cupimus
2382 3870 2627 3917 inhaerere.
2695 3870 2801 3917 Au-

587 3930 967 3981 commutabilem
985 3941 1033 3979 et
1050 3930 1347 3995 singularem,
1359 3945 1500 3995 quam
1523 3945 1658 3977 secu·
1721 3939 1842 3995 gust.
1864 3930 1911 3978 iu
1938 3931 2065 3980 Psal.
2083 3935 2127 3981 4.

585 4002 664 4045 tus
697 4014 791 4046 non
827 4006 947 4045 erret
976 4004 1023 4044 et
1066 4003 1308 4045 assecutus
1348 4010 1440 4044 non
1484 3994 1661 4043 doleat.
1787 3996 1805 4027 ²
1842 3996 1952 4043 Nou
1986 3995 2167 4045 dictum
2201 4005 2287 4052 est,
2319 4006 2403 4047 aut
2438 4003 2471 4025 ‘⁸
2500 3998 2800 4056 obdormivi,

586 4062 716 4125 Aug.
737 4064 796 4110 de
815 4063 942 4109 Vera
969 4057 1119 4124 Relig.
1144 4076 1249 4124 cap.
1271 4062 1353 4108 21.
1400 4060 1511 4107 Non
1535 4058 1658 4106 enim
1723 4066 1770 4107 et
1822 4075 2037 4106 somnum
2080 4062 2217 4125 cepi”
2262 4072 2346 4110 aut
2388 4068 2419 4088 “
2447 4062 2710 4111 Obdormio
2750 4072 2804 4113 et

587 4126 913 4189 multiplicatio
958 4140 1140 4189 semper
1184 4126 1439 4173 ubertatem
1485 4122 1658 4187 signifi·
1724 4138 1936 4171 somnum
1967 4124 2101 4189 capio
2120 4126 2168 4176 :'’
2197 4126 2298 4182 sed,
2332 4134 2365 4154 ‘⁴
2393 4128 2723 4184 Obdormiam,
2754 4136 2804 4175 et

588 4198 680 4246 cat,
703 4199 750 4238 et
772 4204 865 4238 non
889 4190 1165 4255 plerumque
1187 4184 1510 4252 exiguitatem:
1550 4202 1660 4235 cum
1724 4203 1936 4235 somnum
1966 4190 2203 4253 capiam.”
2266 4191 2402 4239 Tunc
2438 4200 2469 4220 ⁸⁴
2497 4191 2802 4256 corruptibile

585 4253 742 4301 dedita
775 4254 1108 4317 temporalibus
1145 4252 1462 4316 voluptatibus
1503 4250 1661 4299 anima
1725 4251 1813 4299 hoc
1856 4252 2077 4301 induetur
2117 4254 2479 4319 incorruptione,
2514 4264 2563 4303 et
2603 4258 2803 4304 mortale

587 4332 770 4381 semper
800 4318 1057 4366 exardescit
1088 4316 1361 4381 cupiditate,
1386 4330 1472 4363 nec
1506 4315 1663 4363 satiari
1726 4315 1815 4363 hoc
1868 4316 2087 4366 induetur
2140 4319 2544 4369 immortalitate:”
2614 4326 2648 4347 “
2686 4329 2802 4369 tunc

587 4389 752 4444 potest,
775 4389 821 4429 et
844 4380 1090 4445 multiplici
1113 4390 1255 4443 atque
1287 4394 1547 4429 aerumuosa
1581 4394 1661 4427 co·
1726 4381 2047 4431 absorbebitur
2068 4398 2190 4432 mors
2212 4382 2262 4431 in
2284 4383 2597 4434 victoriam.’''
2616 4385 2692 4433 Id.
2720 4385 2796 4434 lb.
