3042 5059
611 395 740 454 28⁶
1169 388 1236 452 S.
1272 387 1791 454 AUGUSTINI
1837 384 2255 455 EPISCOPI

611 561 928 608 summum
979 549 1046 606 et
1092 563 1311 608 verum
1359 544 1639 610 bonum:
1708 551 1775 608 et
1819 565 1952 608 non
2002 551 2267 620 avertar,
2312 540 2516 606 donec
2560 541 2635 604 in
2683 537 2832 624 ejus

609 663 838 729 pacem
879 643 1102 707 matris
1145 644 1560 724 charissimae,
1603 645 1717 708 ubi
1758 652 1911 708 sunt
1946 646 2280 726 primitioe
2319 645 2594 724 spiritus
2610 653 2631 678 ⁸
2674 640 2833 717 mei,

612 745 784 810 unde
821 743 982 808 mihi
1008 745 1135 810 ista
1163 752 1335 809 certa
1363 754 1532 822 sunt,
1562 746 1833 827 colligas
1872 753 2081 810 totum
2110 744 2285 830 quod
2316 765 2479 821 sum,
2510 765 2551 806 a
2578 741 2831 824 disper-

615 847 794 911 sione
813 845 832 878 ‘
873 852 940 908 et
980 844 1378 910 deformitate
1425 847 1575 923 hac,
1620 855 1685 911 et
1728 847 2085 911 conformes
2129 854 2323 930 atque
2368 843 2717 908 confirmes
2762 843 2831 904 in

616 955 942 1024 aeternum,
973 948 1152 1011 Deu's
1183 969 1390 1026 meus,
1419 946 1856 1012 misericordia
1882 969 2044 1012 mea.
2136 948 2305 1011 Cum
2332 945 2437 1008 his
2466 951 2686 1008 autem
2717 943 2832 1026 qui

613 1055 848 1113 cunc'ta
875 1048 1003 1112 ‘illa
1044 1069 1192 1132 quae
1233 1069 1383 1112 vera
1423 1057 1595 1124 sunt,
1624 1048 1785 1112 falsa
1822 1069 1961 1112 esse
1999 1070 2131 1112 non
2166 1048 2409 1124 dicunt,
2436 1047 2835 1108 honorantes

615 1157 681 1212 et
719 1149 789 1212 in
827 1149 1109 1214 culmine
1149 1148 1496 1234 sequendae
1540 1150 1939 1214 auctoritatis
1978 1150 2322 1213 nobiscum
2365 1148 2835 1210 constituentes

613 1251 789 1314 illam
819 1272 938 1334 per
963 1259 1256 1315 sanctum
1285 1252 1565 1334 Moysen
1602 1250 1838 1315 editam
1877 1258 2166 1316 sanctam
2196 1250 2593 1332 Scripturam
2632 1255 2833 1324 tuam,

617 1361 686 1415 et
732 1359 943 1414 tamen
991 1352 1184 1415 nobis
1233 1351 1479 1436 aliquid
1530 1351 1996 1432 contradicunt,
2043 1351 2136 1415 ita.
2181 1353 2447 1435 loquor:
2512 1351 2619 1412 Tu
2672 1357 2833 1425 este,

617 1453 803 1516 Deus
860 1460 1096 1531 noster,
1146 1453 1381 1516 arbiter
1427 1453 1596 1516 inter
1644 1453 2078 1518 confessiones
2127 1473 2305 1516 meas
2356 1458 2421 1514 et
2470 1449 2832 1514 contradic-

618 1553 830 1618 tiones
857 1573 1096 1618 eorum.

405 1667 577 1718 XVII.
707 1659 811 1718 24.
857 1654 1107 1719 Dicunt
1143 1655 1354 1720 enim:
1403 1658 1443 1690 “
1475 1657 1787 1729 Quamvis
1816 1677 1965 1721 vera
1993 1657 2123 1720 sint
2150 1657 2316 1732 haec,
2344 1677 2478 1717 non
2506 1675 2586 1718 ea
2612 1661 2832 1717 tamen

386 1738 454 1786 U‘
477 1734 590 1784 ooeli
619 1755 750 1819 duo
802 1757 1069 1839 Moyses
1117 1757 1504 1835 intuebatur,
1552 1765 1700 1821 cum
1744 1759 2064 1820 revelante
2114 1757 2345 1840 spiritu
2390 1755 2671 1820 diceret:
2744 1756 2833 1817 In

381 1810 586 1915 5123ss?
611 1859 948 1938 principio
975 1858 1151 1940 fecit
1196 1861 1379 1922 Deus
1429 1861 1656 1922 coelum
1698 1867 1766 1922 et
1809 1867 2073 1922 terram.
2164 1860 2318 1921 Non
2370 1857 2523 1920 coeli
2570 1855 2835 1918 nomine

385 1930 522 2042 {1¹:24
543 2003 591 2042 et
626 1957 1020 2040 spiritualem
1048 1959 1152 2021 vel
1178 1959 1675 2024 intellectualem
1716 1959 1894 2022 illam
1923 1968 2294 2036 creaturam,
2324 1977 2577 2040 semper
2603 1956 2836 2020 faciem

390 2059 609 2134 aliqdjn-
627 2057 753 2120 Dei
789 2058 1326 2141 contemplantem
1365 2059 1789 2141 significavit3
1834 2081 1955 2123 nec
1983 2067 2164 2124 terrae
2202 2058 2462 2122 nomine
2496 2056 2837 2119 informem

387 2123 556 2253 ἓξὲξ,
628 2157 1014 2221 materiam.”
1101 2159 1141 2193 “
1167 2158 1344 2232 Quid
1369 2160 1568 2240 igitur
1590 2156 1653 2221 ?”
1719 2161 1760 2192 “
1793 2160 1985 2232 Quod
2004 2181 2125 2222 nos
2156 2159 2489 2235 dicimuS‚’'’
2510 2157 2837 2241 inquiunt,

388 2259 672 2316 Geu.l.1.“
702 2258 830 2321 hoc
867 2259 977 2321 ille
1020 2257 1116 2321 vir
1153 2259 1376 2334 sensit,
1407 2260 1535 2324 hoc
1576 2259 1787 2324 verbis
1828 2261 1969 2323 istis
2012 2262 2303 2324 elocutus
2346 2260 2499 2322 est.”
2586 2260 2629 2292 “
2664 2257 2839 2330 Quid

630 2369 728 2423 est
767 2357 1013 2422 illud·?‘’
1069 2360 1112 2394 “
1143 2361 1482 2438 Nomine,'’
1528 2361 1730 2438 aiunt,
1774 2361 1814 2394 “
1846 2362 1996 2425 coeli
2039 2369 2104 2424 et
2145 2370 2347 2438 terrae,
2393 2369 2597 2425 totum
2642 2359 2837 2422 istum

629 2460 947 2525 visibilem
990 2460 1303 2525 mundum
1344 2462 1527 2546 prius
1566 2463 2009 2526 universaliter
2048 2470 2117 2526 et
2156 2463 2431 2526 breviter
2472 2461 2839 2543 significare

623 2561 849 2640 voluit,
878 2569 958 2624 'ut
997 2569 1228 2645 postea
1263 2561 1589 2645 digereret
1624 2563 1880 2627 dierum·
1918 2564 2414 2641 enumeratione,
2460 2563 2651 2648 quasi
2696 2561 2839 2624 arti-

628 2662 908 2743 culatim,
936 2663 1234 2727 universa
1275 2686 1422 2748 quae
1469 2673 1692 2728 sancto
1740 2664 2008 2748 Spiritui
2054 2665 2303 2748 placuit
2348 2665 2441 2728 sic
2489 2663 2837 2728 enuntiare.

627 2764 820 2829 Tal’es
850 2763 1097 2846 quippe
1133 2765 1428 2828 homines
1457 2775 1640 2829 erant
1663 2764 1843 2828 rudis
1868 2765 1981 2828 ille
2012 2773 2208 2850 atque
2246 2766 2521 2830 carnalis
2557 2765 2841 2848 populus

629 2863 736 2926 cui
774 2864 1176 2946 loquebatur,
1204 2874 1277 2929 ut
1313 2867 1408 2928 eis
1451 2883 1649 2948 opera
1677 2865 1804 2928 Dei
1841 2887 1972 2929 non
2014 2866 2141 2929 nisi
2182 2868 2321 2930 sola
2357 2866 2641 2933 visibilia
2672 2887 2839 2929 com·

627 2963 993 3029 mendanda
1020 2965 1362 3050 judicaret.⁴
1458 2968 1725 3030 Terram
1756 2987 1907 3029 vero
1935 2967 2321 3030 invisibilem
2364 2975 2430 3030 et
2464 2967 2840 3047 incomposi-

630 3073 788 3144 tam,
825 3052 1358 3151 tenebrosamque
1403 3069 1729 3150 abyssum,
1768 3067 1941 3130 unde
1986 3077 2451 3152 consequenter
2492 3067 2844 3130 ostenditur

630 3188 746 3249 per
781 3167 930 3230 illos
967 3167 1105 3231 dies
1147 3169 1318 3232 facta
1355 3176 1550 3252 atque
1589 3167 1905 3252 disposita
1943 3189 2097 3232 esse·
2124 3178 2357 3234 cuncta
2395 3169 2522 3233 ista
2562 3168 2845 3232 visibilia

632 3289 776 3350 quae
819 3275 976 3332 nota
1017 3277 1168 3332 sunt
1210 3269 1529 3344 omnibuS‚
1566 3291 1703 3332 non
1744 3270 2237 3351 incongruenter
2276 3270 2615 3334 informem
2657 3270 2843 3333 istam

628 3369 956 3432 materiam
983 3369 1468 3451 intelligendam
1499 3391 1641 3433 esse
1671 3370 2139 3435 consentiunt.’'

716 3474 820 3530 25.
867 3469 1044 3540 Quid
1089 3469 1149 3533 si
1189 3469 1365 3534 dicat
1408 3471 1595 3549 alius,
1625 3471 1666 3504 “
1694 3470 1988 3535 ‘eamdem
2024 3470 2496 3550 informitatem,
2527 3470 2844 3535 confusio·

631 3589 908 3652 nemque
967 3572 1270 3648 materiae,
1315 3574 1471 3635 'coeli
1519 3580 1585 3634 et
1640 3579 1825 3635 terroe
1884 3571 2141 3636 nomine
2201 3573 2381 3655 prius
2439 3572 2845 3646 insinuatam,

635 3669 810 3754 quod
840 3692 925 3733 ex
954 3694 1032 3736 ea
1071 3672 1349 3737 mundus
1391 3674 1512 3736 iste
1556 3675 1832 3738 visibilis
1877 3697 2025 3739 eum
2068 3676 2368 3740 omnibus
2411 3679 2657 3741 naturis
2704 3699 2845 3761 quae

632 3773 702 3834 in
732 3795 808 3836 eo
837 3773 1350 3838 manifestissime
1381 3784 1711 3859 apparent,
1743 3771 1858 3859 qui
1886 3779 2029 3840 coeli
2057 3785 2121 3840 et
2152 3785 2338 3840 terrae
2374 3778 2638 3842 nomine
2678 3800 2845 3862 saepe

637 3876 956 3960 appellari·
993 3878 1173 3956 solet,
1205 3877 1502 3942 conditus
1546 3885 1740 3962 atque
1784 3879 2103 3961 perfectus
2140 3887 2239 3942 est
2263 3879 2323 3942 ?’'
2386 3879 2564 3953 Quid
2595 3881 2650 3942 si
2683 3880 2847 3946 dicat

634 3985 700 4041 et
727 3977 914 4058 alius,
945 3979 986 4012 “
1019 3980 1245 4041 coelum
1281 3993 1346 4042 et
1387 3987 1629 4042 terram
1673 3977 1936 4063 quidem
1973 3980 2364 4043 invisibilem
2405 3981 2848 4067 visibilemque

635 4085 926 4143 naturam
967 4101 1102 4144 non
1144 4079 1516 4144 indecenter
1560 4080 1985 4165 appellatam3
2044 4103 2118 4144 ac
2164 4103 2280 4164 per
2319 4083 2446 4146 hoc
2491 4082 2847 4147 universam

635 4189 988 4244 creaturam
1025 4203 1217 4265 quam
1238 4183 1418 4263 fecit
1446 4181 1517 4243 in
1550 4181 1903 4264 Sapientia,
1932 4180 2001 4244 id
2032 4189 2131 4244 est
2158 4183 2228 4244 in
2258 4184 2625 4264 Princz'piO,
2654 4187 2848 4260 Deus,

631 4279 1081 4365 hujuscemodi
1124 4281 1396 4346 duobus
1421 4281 1757 4346 vocabulis
1800 4301 1940 4343 esse
1986 4281 2546 4366 comprehensam:
2608 4305 2849 4348 verum·

697 4443 716 4471 ⁸
751 4441 862 4489 Vid.
889 4457 998 4506 sup.
1017 4439 1056 4490 1.
1076 4441 1144 4492 ix.
1169 4441 1210 4504 §.
1233 4444 1316 4492 24.
1341 4459 1388 4496 v.
1422 4443 1503 4492 fin.
1540 4451 1589 4492 et
1622 4442 1703 4492 inf.
1838 4443 1855 4476 ²
1880 4440 1995 4494 Vid.
2012 4459 2116 4508 sup.
2132 4443 2167 4491 1.
2180 4443 2230 4512 ii,
2241 4459 2283 4493 c.
2308 4445 2411 4494 Let
2424 4453 2523 4494 not.
2536 4460 2583 4495 a.
2598 4461 2649 4512 p.
2668 4445 2846 4495 18.l.ix.

635 4503 672 4553 l.
693 4503 792 4553 xiii.
815 4517 860 4555 c·-
889 4507 968 4554 13.
1772 4508 1813 4569 §.
1842 4507 1919 4556 10.
1942 4506 1977 4558 1.
2002 4522 2052 4556 x.
2074 4523 2116 4558 c.
2136 4509 2221 4559 29.
2239 4517 2287 4560 et
2307 4509 2391 4560 40.
2405 4517 2455 4560 et
2469 4509 2536 4562 ib.
2560 4525 2609 4560 n.
2626 4508 2659 4560 i.
2678 4526 2727 4576 p.
2745 4509 2845 4559 201.
