3042 5059
632 425 755 480 316

700 578 807 626 171.
854 575 1015 626 Debet
1045 571 1287 626 reformas!
1304 575 1501 624 vivendo
1533 589 1699 625 secun·

692 641 809 691 dum
852 641 1138 691 voluntatem
1191 640 1301 698 Dei,
1340 639 1457 689 268.
1545 641 1700 689 Homo

690 707 807 772 gerit
827 705 941 756 inse
957 704 1220 770 symbolum
1238 703 1496 760 Trinitatis,
1518 705 1700 754 scilicet

688 786 817 884 :¹:32
840 770 1449 898 ffiss'ff‘ssaffiifisssssai
1472 769 1699 882 2333?

626 902 969 1027 no‘ssiiufssiivs.
976 960 1217 1034 paruoqu-
1226 961 1479 1026 agitatum
1486 963 1562 1011 16.
1581 963 1696 1012 Non

628 1037 993 1164 affui'ffi
1006 1025 1327 1164 iffiiiliug.
1348 1093 1429 1140 51.

624 1155 905 1204 Hortensius
934 1155 1177 1204 Ciceronis
1208 1155 1429 1204 excitavit
1466 1155 1695 1220 Augusti·

686 1235 797 1293 num
820 1219 881 1267 ad
900 1218 1111 1268 ardorem
1130 1218 1454 1296 philosophie,
1476 1221 1558 1296 30,
1587 1222 1697 1269 136.

626 1283 842 1334 Humiles
870 1281 1014 1332 eorde
1044 1284 1214 1332 domus
1242 1284 1337 1333 Dei
1364 1285 1558 1342 excelsi,
1577 1287 1694 1345 225,

622 1350 881 1462 Htlnffiim
898 1411 1160 1460 necessaria
1188 1419 1244 1460 ut
1272 1412 1616 1466 adscendamus
1635 1412 1699 1461 ad

687 1479 867 1531 Deum,
891 1477 973 1534 56,
996 1477 1079 1525 65.
1126 1477 1415 1526 numilitatis
1434 1478 1624 1541 signum
1647 1478 1698 1525 in

685 1550 868 1592 statura
898 1541 1109 1606 pueritie
1142 1557 1173 1588 a
1208 1541 1392 1592 Christo
1430 1543 1697 1608 probatum,

628 1607 807 1735 Hylen-ni
818 1679 867 1720 et
887 1669 1083 1728 Psalmi,
1104 1669 1195 1718 sub
1217 1669 1463 1720 Ambrosio
1474 1670 1698 1739 episcopo

688 1735 739 1784 in
790 1734 993 1784 ecclesia
1044 1734 1331 1784 Mediolansi
1374 1744 1427 1783 ut
1470 1751 1696 1786 caneren-

688 1807 781 1855 tur,
804 1799 1085 1855 institutum,
1112 1801 1223 1849 156.

625 1862 953 1930 Hippocrates.
976 1865 1060 1914 48.

1132 2057 1179 2106 Ι.

621 2183 655 2232 J
656 2182 793 2231 scobi
802 2191 853 2231 et
864 2183 1008 2231 Esavi
1019 2183 1443 2238 constellationem
1454 2185 1531 2232 10.
1545 2184 1698 2234 Jacob

684 2246 792 2295 filiis
808 2247 985 2312 Josepli
1010 2248 1311 2302 benedicens.
1337 2249 1445 2296 193.

623 2310 874 2360 Illusiones
910 2319 1169 2367 nocturnae,
1202 2311 1528 2360 involuntariae
1561 2311 1695 2368 licet,

687 2373 992 2425 nihilomiuus
1036 2377 1339 2442 poenitendoe,
1391 2378 1499 2425 188.
1575 2376 1694 2424 Per-

688 2442 813 2489 fecta
832 2441 1021 2490 illarum
1042 2440 1237 2491 cessatio
1256 2457 1429 2490 munus
1452 2439 1564 2492 Dei.
1584 2441 1696 2490 189.

624 2503 831 2555 Imitatio
846 2522 1064 2572 perversa
1081 2505 1176 2557 Dei
1198 2506 1247 2553 in
1270 2506 1493 2570 peccatis,
1510 2507 1595 2560 23.
1614 2506 1696 2553 24.

623 2569 793 2682 lungae,
825 2571 959 2635 quid,
994 2573 1101 2620 104.
1155 2570 1253 2629 Qui
1273 2569 1459 2620 differat
1478 2585 1508 2618 a
1530 2569 1695 2628 nihilo,

686 2651 701 2681 ι
736 2671 749 2683 .

622 2698 891 2747 Incarnatio
921 2699 1086 2757 Verbi,
1130 2713 1228 2762 qua
1266 2698 1480 2748 infantiae
1518 2706 1688 2747 nostrai

686 2763 898 2810 lactescit
932 2761 1179 2828 Sapientia
1207 2764 1319 2818 Dei,
1357 2765 1463 2811 119.
1516 2765 1690 2812 Totum

686 2825 921 2874 hominem
966 2828 1185 2891 suscepit,
1222 2829 1331 2874 120.
1382 2827 1694 2892 Apollinaris·

684 2897 837 2938 tarum
860 2906 1003 2945 error,
1018 2906 1113 2940 non
1120 2907 1220 2940 esse
1232 2891 1280 2939 in
1296 2891 1483 2941 Christo
1490 2893 1696 2940 animam

686 2963 771 3003 aut
792 2965 994 3003 mentem
1018 2955 1234 3010 bominis,
1262 2958 1369 3006 121.

622 3019 967 3070 Incolumitatis
1008 3035 1105 3069 suoe
1146 3036 1259 3070 cura
1294 3019 1471 3069 homini
1512 3021 1694 3076 innata,

686 3085 926 3146 vestigium
964 3094 1037 3133 est
1076 3084 1393 3134 secretissime
1418 3085 1612 3133 unitatis
1635 3101 1694 3134 ex

686 3165 783 3213 qua
802 3157 893 3204 est,
916 3151 996 3197 17.

622 3213 899 3278 Ignorantia
921 3223 1068 3261 mater
1084 3213 1425 3270 admirationis,
1447 3215 1565 3262 266.

622 3277 833 3326 Infantia
851 3278 1059 3342 peccatis
1079 3278 1298 3330 obnoxia.
1322 3281 1369 3335 6,
1394 3279 1441 3326 7.

622 3340 919 3390 Infantilium
944 3343 1259 3391 membrorum
1290 3342 1598 3392 imbecillitas
1620 3341 1695 3390 in-

690 3422 861 3455 nocens
882 3416 952 3455 est
976 3422 1069 3454 non
1088 3406 1274 3455 animus
1298 3407 1564 3461 infantium,
1588 3407 1640 3454 6.

623 3471 903 3520 Inimicitias
940 3471 1181 3519 hominum
1230 3486 1317 3520 nec
1356 3473 1564 3520 excitare
1609 3485 1697 3520 nec

686 3549 873 3598 augere,
891 3550 1055 3598 parum
1076 3545 1148 3583 est
1170 3534 1346 3582 bomini
1363 3536 1589 3592 humano,
1610 3535 1698 3584 nisi

684 3613 764 3646 eas
799 3601 941 3644 etiam
974 3598 1267 3659 exstinguere
1300 3600 1548 3654 studuerit,
1588 3601 1697 3648 160.

689 3660 981 3708 Horrendum
1012 3661 1189 3708 malum
1217 3661 1418 3710 inimicis
1451 3663 1578 3711 iratis
1597 3663 1686 3711 ini-

683 3724 907 3774 micorum
931 3724 1149 3771 iratorum
1174 3723 1302 3772 dicta
1358 3725 1536 3781 rodere,
1559 3727 1621 3774 ib.

620 3788 781 3854 Iniqui
823 3787 923 3852 apti
966 3795 1078 3836 sunt
1124 3786 1323 3836 inferiori
1361 3804 1416 3836 us
1460 3799 1688 3838 creaturae

684 3854 910 3920 partibus,
942 3868 1037 3916 quo
1079 3851 1397 3902 dissimiliores
1428 3855 1554 3907 Deo.
1592 3855 1692 3920 apti

682 3930 839 3969 autem
862 3918 1176 3982 superioribus
1204 3919 1343 3976 fiunt,
1364 3934 1459 3984 quo
1485 3919 1530 3968 ei
1564 3919 1692 3967 simi·

681 3984 834 4041 liores,
861 3983 972 4030 118.

619 4048 858 4112 iniquitas
897 4063 991 4095 non
1035 4055 1105 4095 est
1145 4047 1425 4102 substantia.
1466 4046 1549 4097 sed
1593 4063 1697 4112 per-

684 4113 879 4162 versitas
916 4112 1174 4160 voluntatis
1210 4113 1404 4161 detorto
1442 4127 1472 4160 a
1510 4127 1696 4160 sumina

684 4176 946 4227 substantia
963 4176 1012 4222 in
1030 4176 1257 4230 infimam,
1280 4179 1385 4225 118.
1422 4176 1693 4238 Iniquitatis

683 4243 842 4307 capita
882 4239 1119 4304 pullulant
1166 4239 1463 4351 principandi
1502 4249 1551 4288 et
1589 4255 1689 4290 sec·

683 4306 815 4355 tandi
837 4312 887 4352 et
907 4304 1141 4353 sentiendi
1183 4304 1376 4362 ibidine,
1398 4307 1478 4355 37.

618 4371 923 4420 Inordinatus
973 4368 1159 4417 animus
1200 4369 1368 4426 omnis,
1416 4370 1511 4419 Dei
1538 4370 1691 4435 jussu,

682 4448 767 4479 sua
790 4433 879 4479 sibi
902 4445 1045 4495 poena
1066 4442 1156 4491 est,
1181 4433 1255 4479 ll.

621 4487 923 4554 Intelligendi
948 4496 1165 4544 celeritas
1196 4503 1243 4544 et
1274 4495 1555 4562 dispiciendi
1579 4513 1691 4548 acu·

686 4569 795 4619 men
812 4565 882 4602 est
901 4557 1073 4605 donum
1100 4559 1213 4614 Dei,
1236 4561 1316 4607 61.

1559 413 1878 475 INDEX.

1769 571 1954 622 Invitus
1971 587 2108 622 nemo
2127 573 2251 622 bene
2275 572 2406 631 facit.
2429 575 2579 624 etiam
2602 578 2647 623 si
2667 575 2837 624 bonum

1827 645 1900 687 ost
1920 637 2047 703 quod
2065 638 2197 695 facit,
2225 639 2301 686 10.

1763 702 1994 751 Invocare
2017 704 2178 752 Deum
2197 702 2312 768 quid
2330 704 2407 758 sit.
2429 705 2480 752 2.
2499 711 2548 753 et
2571 720 2626 752 n.

1761 767 1794 816 J
1797 765 1996 816 ohannis
2013 767 2246 834 Baptistae
2262 767 2508 832 ‘mirabilis
2537 767 2839 824 abstinentia,

1761 894 1795 943 J
1797 910 1909 944 osue
1939 901 2048 943 voto
2079 895 2150 944 sol
2181 896 2359 952 stabat,
2389 896 2472 944 sed
2499 903 2693 963 tempus
2723 897 2838 955 ibat,

1761 1023 1901 1072 Isaac
1933 1022 2055 1072 filios
2085 1039 2177 1072 non
2213 1024 2512 1089 agnoscendo
2542 1023 2840 1079 benedicere,

1825 1089 1908 1136 sed
1922 1089 2245 1137 benedicendo
2259 1105 2512 1151 agnoscere
2524 1089 2717 1148 meruit,
2736 1089 2840 1136 193.

1761 1153 1937 1200 Isaiam
1959 1152 2112 1214 legere
2125 1153 2286 1217 jussus
2304 1154 2600 1216 Augustinus
2624 1169 2721 1216 quo
2742 1167 2840 1200 sese

1826 1215 1887 1265 ad
1907 1217 2192 1282 baptismum
2217 1234 2312 1282 prae
2349 1227 2522 1273 araret,
2548 1218 2660 1266 153.

1759 1280 1985 1330 Julianus
2019 1282 2283 1347 Imperator
2337 1298 2424 1344 ege
2467 1283 2586 1330 data
2627 1282 2841 1346 prohibet

1828 1345 2124 1395 Christianos
2145 1347 2325 1396 litteras
2345 1347 2529 1401 docere.
2558 1347 2674 1396 132.

1761 1409 1795 1458 J
1799 1425 1912 1466 uno,
1940 1411 2017 1458 14.

1763 1473 1829 1522 Ju
1863 1473 1952 1524 iter
1973 1485 2143 1523 tonans
2163 1483 2211 1524 et
2234 1475 2513 1524 adulterans
2527 1489 2612 1523 cur
2630 1488 2660 1521 a
2683 1473 2842 1522 Poetis

1857 1546 1981 1596 ctus,
2005 1542 2084 1588 14.

1758 1603 1791 1652 J
1796 1603 1953 1652 ustina
1985 1601 2309 1653 Valentiniani
2355 1602 2550 1652 minoris
2585 1609 2740 1650 mater
2781 1602 2840 1650 ab

1824 1666 2019 1716 Arianis
2065 1668 2258 1716 seducta
2297 1667 2595 1732 persequitur
2633 1667 2840 1716 Ambro-

1825 1732 1969 1788 sium,
1995 1734 2107 1782 155.

1759 1796 1790 1845 J
1795 1797 1958 1845 ustitia
1975 1812 2084 1846 vera
2105 1796 2292 1845 interior
2307 1812 2402 1844 non
2419 1812 2479 1844 ex
2497 1794 2840 1844 consuetudine

1816 1861 2007 1925 judicat
2029 1863 2111 1910 sed
2127 1861 2308 1924 exlege
2331 1861 2444 1919 Dei,
2465 1863 2551 1910 35.
2586 1862 2701 1910 Nec
2717 1860 2840 1909 varia

1825 1941 1912 1974 nec
1956 1925 2198 1974 mutabilis
2242 1927 2345 1990 ipsa
2376 1933 2468 1985 est,
2504 1926 2589 1975 sed
2630 1934 2838 1992 tempora

1823 1990 1999 2055 quibus
2018 1989 2261 2055 praesidet‚
2284 1991 2366 2038 36.

1761 2054 1792 2103 J
1797 2054 2034 2104 uventutis
2051 2053 2322 2104 erudienda
2340 2053 2512 2103 modus
2526 2053 2836 2120 improbatur,

2278 2315 2337 2362 L.

1763 2439 1936 2490 Latina
1969 2441 2134 2504 lingua
2171 2440 2221 2489 in
2258 2441 2426 2490 Africa
2455 2441 2672 2506 vulgaris
2703 2447 2836 2490 aetate

1831 2505 2102 2568 Augustini,
2133 2507 2207 2554 12.

1762 2569 1951 2618 Laudat
1965 2570 2123 2618 Deum
2143 2569 2360 2618 universa
2374 2576 2614 2624 creatura,
2633 2572 2716 2626 63.
2729 2570 2837 2618 209.

1763 2632 1968 2682 Laudari
1986 2635 2178 2698 quivult
2189 2635 2251 2682 ab
2265 2633 2537 2682 hominibus
2545 2635 2836 2700 vituperante

1821 2699 1944 2756 Deo,
1967 2713 2061 2746 non
2080 2697 2360 2748 defendetur
2377 2698 2438 2746 ab
2453 2698 2723 2748 bominibus
2734 2700 2836 2748 Deo

1812 2760 2078 2825 judicante,
2095 2779 2184 2812 nec
2203 2761 2424 2828 eripietur
2437 2763 2548 2811 Deo
2563 2764 2835 2819 damnante,

1831 2827 1940 2875 198.
1983 2828 2228 2876 Laudibus
2261 2827 2505 2875 hominurn
2549 2829 2726 2878 moveri
2759 2830 2835 2876 de·

1825 2891 1994 2940 bemm
2032 2907 2127 2942 non
2171 2900 2358 2958 propter
2395 2907 2482 2940 nos
2523 2893 2612 2942 sed
2657 2901 2835 2959 propter

1827 2957 2112 3019 proximum,
2136 2958 2249 3006 199.

1763 3020 1968 3069 Laudari
1990 3021 2135 3068 etiam
2158 3021 2218 3069 de
2242 3020 2335 3069 Dei
2353 3020 2480 3069 dono
2507 3021 2837 3085 periculosum,

1829 3086 1939 3133 198.
1984 3085 2220 3134 Laudatio
2237 3099 2394 3133 comes
2414 3085 2554 3133 bonne
2577 3085 2707 3142 vitm,
2727 3086 2790 3134 ib.

1827 3150 1940 3262 Ιῖοῑι
1961 3151 2085 3198 male
2109 3149 2362 3198 vivendum
2386 3157 2460 3198 est
2491 3163 2552 3198 ne
2573 3149 2836 3204 laudemur,

1825 3213 1843 3260 i
1879 3250 1891 3262 .
1925 3215 2034 3261 147.

1763 3278 1866 3326 Lex
1907 3277 2177 3342 temporalis
2207 3277 2347 3326 etiam
2378 3293 2407 3324 a
2441 3279 2552 3326 Deo
2587 3276 2722 3333 data,
2757 3279 2837 3326 35.

1825 3342 1966 3404 Legis
1978 3341 2126 3390 factor
2136 3341 2274 3390 homo
2287 3343 2432 3391 debet
2444 3357 2549 3391 esse
2563 3357 2660 3390 non
2668 3341 2837 3406 judex,

1823 3407 1937 3454 269.
1999 3408 2099 3454 Lex
2135 3406 2319 3470 peccati
2354 3414 2428 3456 est
2459 3407 2691 3456 violentia
2724 3422 2832 3456 eon-

1824 3469 2104 3524 suetudinis.
2132 3473 2240 3519 133.

1764 3535 1862 3583 Lex
1885 3534 2201 3592 conscientiae,
2217 3536 2300 3583 21.

1763 3599 1934 3648 Libera
1951 3600 2165 3648 voluntas
2199 3613 2367 3648 caussa
2391 3599 2594 3663 peccati,
2620 3601 2737 3658 106,
2757 3600 2836 3653 59.

1817 3680 1863 3712 n.
1887 3665 1969 3720 60,
1992 3680 2040 3712 n.
2060 3664 2187 3728 quod
2210 3662 2466 3712 Manichaei
2485 3664 2749 3725 negabant,
2770 3664 2831 3712 ib.

1754 3727 1926 3776 Libido
1941 3726 2130 3793 triplex,
2146 3729 2394 3776 187-201
2407 3761 2421 3776 .
2455 3729 2680 3777 Violatur
2691 3726 2835 3777 socie-

1821 3800 1894 3840 tas
1933 3807 2039 3857 qum
2078 3807 2186 3841 cum
2223 3793 2330 3840 Deo
2373 3792 2507 3841 nobis
2541 3807 2647 3841 esse
2681 3793 2833 3849 debet,

1821 3871 1930 3966 <gum
1958 3864 2143 3914 natura,
2166 3871 2250 3968 (ειιῃι
2249 3872 2302 3904 us
2324 3855 2407 3967 illfi
2429 3856 2836 3968 ριίιοῐοιὲέεῐΐὶἱξξ-

1857 3935 1947 3967 inis
2037 3935 2178 3969 iversi
2201 3937 2229 3969 a
2253 3936 2280 3970 e
2411 3937 2460 3968 ui
2484 3937 2555 3979 ur,
2648 3956 2663 3968 .
2801 3937 2834 3967 t-

1821 3983 1934 4034 dine
1954 4001 1982 4032 o
2043 3993 2220 4033 meatur
2240 3935 2442 4041 angius,
2459 3986 2545 4033 21.
2581 3985 2659 4033 Ex
2678 3985 2836 4032 volun-

1825 4057 1923 4098 tate
1955 4065 2170 4114 perversa
2205 4048 2370 4103 libido.
2403 4063 2464 4097 ex
2495 4049 2699 4098 libidine
2729 4064 2835 4098 con-

1825 4114 2041 4170 suetudo,
2077 4129 2138 4163 ex
2181 4112 2521 4162 consuetudine
2568 4115 2835 4168 necesitas,

1759 4240 1962 4302 Lignum
1987 4243 2160 4300 crucis,
2185 4243 2262 4297 13,
2285 4249 2334 4290 et
2357 4256 2405 4290 n.

1758 4307 2040 4355 Litterarum
2064 4308 2319 4372 primarum
2345 4304 2574 4369 magistri,
2597 4307 2678 4356 11.

1761 4371 1924 4434 Longe
1944 4387 1972 4419 a
1997 4371 2092 4419 Dei
2121 4371 2272 4427 vultu,
2294 4369 2342 4418 in
2362 4369 2536 4419 affectu
2571 4371 2830 4424 tenebroso,

1829 4437 1904 4482 16.
1962 4436 2021 4482 In
2043 4435 2232 4498 regione
2257 4433 2672 4491 dissimilitudinis,
2700 4436 2803 4482 116.

1758 4499 1913 4564 Loqui
1939 4499 2064 4549 unde
2095 4516 2212 4563 puer
2243 4498 2410 4556 discat,
2435 4501 2483 4550 7.
2537 4500 2702 4549 Pauca
2719 4506 2828 4548 sunt

1821 4579 1927 4626 qua
1951 4565 2133 4629 proprie
2155 4563 2408 4628 loquimur,
2433 4564 2551 4612 218.
